@inproceedings{mandt2014smoothed,
  title={Smoothed Gradients for Stochastic Variational Inference},
  author={Mandt, Stephan and Blei, David},
  booktitle={Advances in Neural Information Processing Systems},
  pages={2438--2446},
  year={2014}
}