% BIBTEX FILE FOR SMOOTHED GRADIENTS


@article{biased_gradients,
  title={Online Sequential Optimization with Biased Gradients: Theory and Applications to Censored Demand},
  author={Huh, Woonghee Tim and Rusmevichientong, Paat},
  journal={INFORMS Journal on Computing},
  volume={26},
  number={1},
  pages={150--159},
  year={2013},
  publisher={INFORMS}
}

@incollection{Nedic,
  title={Convergence rate of incremental subgradient algorithms},
  author={Nedi{\'c}, Angelia and Bertsekas, Dimitri},
  booktitle={Stochastic optimization: algorithms and applications},
  pages={223--264},
  year={2001},
  publisher={Springer}
}

@article{RadfordNeal,
  title={Probabilistic inference using Markov chain Monte Carlo methods},
  author={Neal, Radford M},
  year={1993},
  publisher={Department of Computer Science, University of Toronto Toronto, Ontario, Canada}
}

@article{BleiLafferty2008,
  title={Topic models},
  author={Blei, David M and Lafferty, John D},
  journal={Text mining: classification, clustering, and applications},
  volume={10},
  pages={71},
  year={2009},
  publisher={Chapman \& Hall/CRC Press, Boca Raton, FL}
}

@inproceedings{JohnsonZhang,
  title={Accelerating stochastic gradient descent using predictive variance reduction},
  author={Johnson, Rie and Zhang, Tong},
  booktitle={Advances in Neural Information Processing Systems},
  pages={315--323},
  year={2013}
}

@inproceedings{wang2013,
  title={Variance reduction for stochastic gradient optimization},
  author={Wang, Chong and Chen, Xi and Smola, Alex and Xing, Eric},
  booktitle={Advances in Neural Information Processing Systems},
  pages={181--189},
  year={2013}
}



@inproceedings{bachmoulines2013,
  title={Non-strongly-convex smooth stochastic approximation with convergence rate O (1/n)},
  author={Bach, Francis and Moulines, Eric},
  booktitle={Advances in Neural Information Processing Systems},
  pages={773--781},
  year={2013}
}

@inproceedings{bachmoulines2011,
  title={Non-asymptotic analysis of stochastic approximation algorithms for machine learning},
  author={Moulines, Eric and Bach, Francis R},
  booktitle={Advances in Neural Information Processing Systems},
  pages={451--459},
  year={2011}
}

@article{francisbach,
  title={Minimizing finite sums with the stochastic average gradient},
  author={Schmidt, Mark and Roux, Nicolas Le and Bach, Francis},
  journal={Technical report, HAL 00860051},
  year={2013}
}

@inproceedings{onlineLDA,
  title={Online learning for latent {D}irichlet allocation},
  author={Hoffman, Matthew and Bach, Francis R and Blei, David M},
  booktitle={Advances in Neural Information Processing Systems},
  pages={856--864},
  year={2010}
}

@article{blei03,
  title={Latent {D}irichlet allocation},
  author={Blei, David M and Ng, Andrew Y and Jordan, Michael I},
  journal={The Journal of Machine Learning Research},
  volume={3},
  pages={993--1022},
  year={2003},
  publisher={JMLR. org}
}

@article{sato2001,
  title={Online model selection based on the variational {B}ayes},
  author={Sato, Masa-Aki},
  journal={Neural Computation},
  volume={13},
  number={7},
  pages={1649--1681},
  year={2001},
  publisher={MIT Press}
}

@article{hoffman,
  title={Stochastic variational inference},
  author={Hoffman, Matthew D and Blei, David M and Wang, Chong and Paisley, John},
  journal={The Journal of Machine Learning Research},
  volume={14},
  number={1},
  pages={1303--1347},
  year={2013},
  publisher={JMLR. org}
}

@incollection{residualLDA,
  title={Larger residuals, less work: Active document scheduling for latent {D}irichlet allocation},
  author={Wahabzada, Mirwaes and Kersting, Kristian},
  booktitle={Machine Learning and Knowledge Discovery in Databases},
  pages={475--490},
  year={2011},
  publisher={Springer}
}

@article{nesterov2009,
  title={Primal-dual subgradient methods for convex problems},
  author={Nesterov, Yurii},
  journal={Mathematical Programming},
  volume={120},
  number={1},
  pages={221--259},
  year={2009},
  publisher={Springer}
}

@article{momentum,
  title={An incremental gradient (-projection) method with momentum term and adaptive stepsize rule},
  author={Tseng, Paul},
  journal={SIAM Journal on Optimization},
  volume={8},
  number={2},
  pages={506--531},
  year={1998},
  publisher={SIAM}
}

@article{jordan,
  title={Graphical models, exponential families, and variational inference},
  author={Wainwright, Martin J and Jordan, Michael I},
  journal={Foundations and Trends in Machine Learning},
  volume={1},
  number={1-2},
  pages={1--305},
  year={2008},
  publisher={Now Publishers Inc.}
}

@article{robbins,
  title={A stochastic approximation method},
  author={Robbins, Herbert and Monro, Sutton},
  journal={The Annals of Mathematical Statistics},
  pages={400--407},
  year={1951},
  publisher={JSTOR}
}

@inproceedings{xing,
  title={Mixed membership stochastic blockmodels},
  author={Airoldi, Edoardo M and Blei, David M and Fienberg, Stephen E and Xing, Eric P},
  booktitle={Advances in Neural Information Processing Systems},
  pages={33--40},
  year={2009}
}

@article{gopalan_network,
  title={Efficient discovery of overlapping communities in massive networks},
  author={Gopalan, Prem K and Blei, David M},
  journal={Proceedings of the National Academy of Sciences},
  volume={110},
  number={36},
  pages={14534--14539},
  year={2013},
  publisher={National Acad Sciences}
}

@book{bishop2006pattern,
  title={Pattern Recognition and Machine Learning},
  author={Bishop, Christopher M and others},
  volume={1},
  year={2006},
  publisher={Springer New York}
}

@article{lawrence,
  title={Gaussian processes for big data},
  author={Hensman, James and Fusi, Nicolo and Lawrence, Neil D},
  journal={Uncertainty in Artificial Intelligence},
  year={2013}
}

@article{gopolan_rec,
  title={Scalable Recommendation with {P}oisson Factorization},
  author={Gopalan, Prem and Hofman, Jake M and Blei, David M},
  journal={Preprint, arXiv:1311.1704},
  year={2013}
}