@inproceedings{CharlinRanganathMcInerneyBlei15,
 author = {Laurent Charlin, Rajesh Ranganath, James McInerney, David M. Blei},
 title = {Dynamic Poisson Factorization},
 booktitle = {Proceedings of the 9th ACM Conference on Recommender Systems},
 series = {RecSys '15},
 year = {2015},
 location = {Vienna, Austria},
 publisher = {ACM},
 address = {New York, NY, USA},
} 


