%% This BibTeX bibliography file was created using BibDesk.
%% http://bibdesk.sourceforge.net/

%% Saved with string encoding Unicode (UTF-8) 



@inproceedings{Gopalan2015,
	Author = {Gopalan, P. and Hofman, J. and Blei, D. M.},
	Booktitle = {Uncertainty in Artificial Intelligence},
	Date-Added = {2016-05-10 16:27:53 +0000},
	Date-Modified = {2016-05-10 16:27:53 +0000},
	Read = {0},
	Title = {Scalable recommendation with hierarchical {P}oisson factorization},
	Year = {2015}}

@article{Bronnenberg2008,
	Author = {Bronnenberg, B. J. and Kruger, M. W. and Mela, C. F.},
	Date-Added = {2016-05-10 15:40:07 +0000},
	Date-Modified = {2016-05-10 15:40:07 +0000},
	Journal = {Marketing Science},
	Number = {4},
	Pages = {745--748},
	Title = {Database paper: The {IRI} marketing data set},
	Volume = {27},
	Year = {2008}}

@article{Hoffman2013,
	Author = {Hoffman, M. D. and Blei, D. M. and Wang, C. and Paisley, J.},
	Date-Added = {2016-05-10 13:32:04 +0000},
	Date-Modified = {2016-05-10 13:32:04 +0000},
	Journal = {Journal of Machine Learning Research},
	Month = may,
	Pages = {1303--1347},
	Title = {Stochastic Variational Inference},
	Volume = {14},
	Year = {2013}}

@article{hu2008,
	Author = {Hu, Y. and Koren, Y. and Volinsky, C.},
	Journal = {Data Mining},
	Title = {Collaborative filtering for implicit feedback datasets},
	Year = {2008}}

@article{Robbins1951,
	Author = {Robbins, H. and Monro, S.},
	Date-Added = {2016-05-10 13:19:40 +0000},
	Date-Modified = {2016-05-10 13:19:40 +0000},
	Journal = {The Annals of Mathematical Statistics},
	Number = {3},
	Pages = {400--407},
	Title = {A stochastic approximation method},
	Volume = {22},
	Year = {1951}}
@article{Duchi2011,
	Author = {Duchi, J. and Hazan, E. and Singer, Y.},
	Journal = {Journal of Machine Learning Research},
	Pages = {2121--2159},
	Title = {Adaptive subgradient methods for online learning and stochastic optimization},
	Volume = {12},
	Year = {2011}}
@article{ranganath2014deep,
	Author = {Ranganath, Rajesh and Tang, Linpeng and Charlin, Laurent and Blei, David M},
	Journal = {Artificial Intelligence and Statistics},
	Title = {Deep exponential families},
	Year = {2015}}
	
@inproceedings{mikolov2013linguistic,
  title={Linguistic Regularities in Continuous Space Word Representations.},
  author={Mikolov, Tomas and Yih, Wen-T au and Zweig, Geoffrey},
  booktitle={HLT-NAACL},
  pages={746--751},
  year={2013}
}	
	

@inproceedings{mikolov2013distributed,
	Author = {Mikolov, Tomas and Sutskever, Ilya and Chen, Kai and Corrado, Greg S and Dean, Jeff},
	Booktitle = {Neural Information Processing Systems},
	Pages = {3111--3119},
	Title = {Distributed representations of words and phrases and their compositionality},
	Year = {2013}}
@article{mikolov2013efficient,
  title={Efficient estimation of word representations in vector space},
  author={Mikolov, Tomas and Chen, Kai and Corrado, Greg and Dean, Jeffrey},
  journal={ICLR Workshop Proceedings. arXiv:1301.3781},
  year={2013}
}
@article{le2014distributed,
  title={Distributed representations of sentences and documents},
  author={Le, Quoc V and Mikolov, Tomas},
  journal={arXiv preprint arXiv:1405.4053},
  year={2014}
}
@inproceedings{levy2014neural,
  title={Neural word embedding as implicit matrix factorization},
  author={Levy, Omer and Goldberg, Yoav},
  booktitle={Neural Information Processing Systems},
  pages={2177--2185},
  year={2014}
}
@inproceedings{mnih2013learning,
  title={Learning word embeddings efficiently with noise-contrastive estimation},
  author={Mnih, Andriy and Kavukcuoglu, Koray},
  booktitle={Neural Information Processing Systems},
  pages={2265--2273},
  year={2013}
}
@inproceedings{gutmann2010noise,
  title={Noise-contrastive estimation: A new estimation principle for unnormalized statistical models.},
  author={Gutmann, Michael and Hyv{\"a}rinen, Aapo},
  booktitle={Journal of Machine Learning Research},
  year={2010}
}
@inproceedings{mnih2012fast,
  title={A fast and simple algorithm for training neural probabilistic language models},
  author={Mnih, Andriy and Teh, Yee Whye},
  booktitle={International Conference on Machine Learning},
  pages={1751--1758},
  year={2012},
}

@inproceedings{vilnis2014word,
  title={Word representations via {Gaussian} embedding},
  author={Vilnis, Luke and McCallum, Andrew},
  booktitle={International Conference on Learning Representations},
  year={2015}
}

@inproceedings{friedrich2015fast,
	Author = {Friedrich, Johannes and Soudry, Daniel and Paninski, Liam and Mu, Yu and Freeman, Jeremy and Ahrens, Misha},
	Booktitle = {NIPS workshop on Neural Systems},
	Title = {Fast Constrained Non-negative Matrix Factorization for Whole-Brain Calcium Imaging Data},
	Year = {2015}}

@inproceedings{pennington2014glove,
	Author = {Pennington, Jeffrey and Socher, Richard and Manning, Christopher D},
	Booktitle = {Conference on Empirical Methods on Natural Language Processing},
	Pages = {1532--1543},
	Title = {Glove: Global Vectors for Word Representation.},
	Volume = {14},
	Year = {2014}}

@incollection{bengio2006neural,
	Author = {Bengio, Yoshua and Schwenk, Holger and Sen{\'e}cal, Jean-S{\'e}bastien and Morin, Fr{\'e}deric and Gauvain, Jean-Luc},
	Booktitle = {Innovations in Machine Learning},
	Pages = {137--186},
	Publisher = {Springer},
	Title = {Neural probabilistic language models},
	Year = {2006}}
@article{taddy2015distributed,
  title={Distributed multinomial regression},
  author={Taddy, Matt and others},
  journal={The Annals of Applied Statistics},
  volume={9},
  number={3},
  pages={1394--1414},
  year={2015},
  publisher={Institute of Mathematical Statistics}
}
@inproceedings{liang2016modeling,
  title={Modeling User Exposure in Recommendation},
  author={Liang, Dawen and Charlin, Laurent and McInerney, James and Blei, David M},
  booktitle={World Wide Web Conference},
  year={2016}
}
@article{scikitlearn,
 title={Scikit-learn: Machine Learning in {P}ython},
 author={Pedregosa, F. and Varoquaux, G. and Gramfort, A. and Michel, V.
         and Thirion, B. and Grisel, O. and Blondel, M. and Prettenhofer, P.
         and Weiss, R. and Dubourg, V. and Vanderplas, J. and Passos, A. and
         Cournapeau, D. and Brucher, M. and Perrot, M. and Duchesnay, E.},
 journal={Journal of Machine Learning Research},
 volume={12},
 pages={2825--2830},
 year={2011}
}
@article{brown1986fundamentals,
	Author = {Brown, Lawrence D},
	Journal = {Lecture Notes-Monograph Series},
	Pages = {i--279},
	Publisher = {JSTOR},
	Title = {Fundamentals of statistical exponential families with applications in statistical decision theory},
	Volume = {9},
	Year = {1986}}
@book{mccullagh1989generalized,
  title={Generalized linear models},
  author={McCullagh, Peter and Nelder, John A},
  volume={37},
  year={1989},
  publisher={CRC press}
}
@article{arnold2001conditionally,
	Author = {Arnold, Barry C and Castillo, Enrique and Sarabia, Jose Maria and others},
	Journal = {Statistical Science},
	Number = {3},
	Pages = {249--274},
	Publisher = {Institute of Mathematical Statistics},
	Title = {Conditionally specified distributions: an introduction (with comments and a rejoinder by the authors)},
	Volume = {16},
	Year = {2001}}

@article{yang2013graphical,
	Author = {Yang, Eunho and Ravikumar, Pradeep and Allen, Genevera I and Liu, Zhandong},
	 journal={Journal of Machine Learning Research},
	Title = {Graphical models via univariate exponential family distributions},
	 pages={3813-3847},
	Year = {2015}}

@inproceedings{yang2013poisson,
	Author = {Yang, Eunho and Ravikumar, Pradeep K and Allen, Genevera I and Liu, Zhandong},
	Booktitle = {Neural Information Processing Systems},
	Pages = {1718--1726},
	Title = {On Poisson graphical models},
	Year = {2013}}

@inproceedings{ranganath2013black,
	Author = {Ranganath, Rajesh and Gerrish, Sean and Blei, David M},
	Booktitle = {arXiv preprint arXiv:1401.0118},
	Title = {Black box variational inference},
	Year = {2013}}

@book{bishop2006pattern,
	Author = {Bishop, Christopher M and others},
	Number = {4},
	Publisher = {springer New York},
	Title = {Pattern recognition and machine learning},
	Volume = {4},
	Year = {2006}}

@inproceedings{kucukelbir2015automatic,
	Author = {Kucukelbir, Alp and Ranganath, Rajesh and Gelman, Andrew and Blei, David},
	Booktitle = {Neural Information Processing Systems},
	Pages = {568--576},
	Title = {Automatic variational inference in stan},
	Year = {2015}}

@article{dempster1977maximum,
	Author = {Dempster, Arthur P and Laird, Nan M and Rubin, Donald B},
	Journal = {Journal of the royal statistical society. Series B (methodological)},
	Pages = {1--38},
	Publisher = {JSTOR},
	Title = {Maximum likelihood from incomplete data via the EM algorithm},
	Year = {1977}}

@article{jordan1999introduction,
	Author = {Jordan, Michael I and Ghahramani, Zoubin and Jaakkola, Tommi S and Saul, Lawrence K},
	Journal = {Machine learning},
	Number = {2},
	Pages = {183--233},
	Publisher = {Springer},
	Title = {An introduction to variational methods for graphical models},
	Volume = {37},
	Year = {1999}}

@article{wainwright2008graphical,
	Author = {Wainwright, Martin J and Jordan, Michael I},
	Journal = {Foundations and Trends{\textregistered} in Machine Learning},
	Number = {1-2},
	Pages = {1--305},
	Publisher = {Now Publishers Inc.},
	Title = {Graphical models, exponential families, and variational inference},
	Volume = {1},
	Year = {2008}}

@article{blei2016variational,
	Author = {Blei, David M and Kucukelbir, Alp and McAuliffe, Jon D},
	Journal = {arXiv preprint arXiv:1601.00670},
	Title = {Variational Inference: A Review for Statisticians},
	Year = {2016}}

@manual{stan2015stan,
	Author = {Stan Development Team},
	Booktitle = {http://mc-stan.org/},
	Title = {Stan Modeling Language Users Guide and Reference Manual, Version 2.8.0},
	Year = {2015}}

@article{cunningham2014dimensionality,
	Author = {Cunningham, John P and Byron, M Yu},
	Journal = {Nature neuroscience},
	Publisher = {Nature Publishing Group},
	Title = {Dimensionality reduction for large-scale neural recordings},
	Year = {2014}}

@book{bishop2006pattern,
	Author = {Bishop, Christopher M and others},
	Number = {4},
	Publisher = {springer New York},
	Title = {Pattern recognition and machine learning},
	Volume = {4},
	Year = {2006}}

@inproceedings{kucukelbir2015automatic,
	Author = {Kucukelbir, Alp and Ranganath, Rajesh and Gelman, Andrew and Blei, David},
	Booktitle = {Neural Information Processing Systems},
	Pages = {568--576},
	Title = {Automatic variational inference in stan},
	Year = {2015}}

@article{dempster1977maximum,
	Author = {Dempster, Arthur P and Laird, Nan M and Rubin, Donald B},
	Journal = {Journal of the royal statistical society. Series B (methodological)},
	Pages = {1--38},
	Publisher = {JSTOR},
	Title = {Maximum likelihood from incomplete data via the EM algorithm},
	Year = {1977}}

@article{jordan1999introduction,
	Author = {Jordan, Michael I and Ghahramani, Zoubin and Jaakkola, Tommi S and Saul, Lawrence K},
	Journal = {Machine learning},
	Number = {2},
	Pages = {183--233},
	Publisher = {Springer},
	Title = {An introduction to variational methods for graphical models},
	Volume = {37},
	Year = {1999}}

@article{wainwright2008graphical,
	Author = {Wainwright, Martin J and Jordan, Michael I},
	Journal = {Foundations and Trends{\textregistered} in Machine Learning},
	Number = {1-2},
	Pages = {1--305},
	Publisher = {Now Publishers Inc.},
	Title = {Graphical models, exponential families, and variational inference},
	Volume = {1},
	Year = {2008}}

@article{blei2016variational,
	Author = {Blei, David M and Kucukelbir, Alp and McAuliffe, Jon D},
	Journal = {arXiv preprint arXiv:1601.00670},
	Title = {Variational Inference: A Review for Statisticians},
	Year = {2016}}

@manual{stan2015stan,
	Author = {Stan Development Team},
	Booktitle = {http://mc-stan.org/},
	Title = {Stan Modeling Language Users Guide and Reference Manual, Version 2.8.0},
	Year = {2015}}

@article{ahrens2013whole,
	Author = {Ahrens, Misha B and Orger, Michael B and Robson, Drew N and Li, Jennifer M and Keller, Philipp J},
	Journal = {Nature Methods},
	Number = {5},
	Pages = {413--420},
	Publisher = {Nature Publishing Group},
	Title = {Whole-brain functional imaging at cellular resolution using light-sheet microscopy},
	Volume = {10},
	Year = {2013}}

@article{vladimirov2014light,
	Author = {Vladimirov, Nikita and Mu, Yu and Kawashima, Takashi and Bennett, Davis V and Yang, Chao-Tsung and Looger, Loren L and Keller, Philipp J and Freeman, Jeremy and Ahrens, Misha B},
	Journal = {Nature Methods},
	Publisher = {Nature Publishing Group},
	Title = {Light-sheet functional imaging in fictively behaving zebrafish},
	Year = {2014}}

@article{cunningham2014dimensionality,
	Author = {Cunningham, John P and Byron, M Yu},
	Journal = {Nature neuroscience},
	Publisher = {Nature Publishing Group},
	Title = {Dimensionality reduction for large-scale neural recordings},
	Year = {2014}}

@inproceedings{chaney2015probabilistic,
	Author = {Chaney, Allison JB and Blei, David M and Eliassi-Rad, Tina},
	Booktitle = {Proceedings of the 9th ACM Conference on Recommender Systems},
	Organization = {ACM},
	Pages = {43--50},
	Title = {A probabilistic model for using social networks in personalized item recommendation},
	Year = {2015}}
@article{harris1954distributional,
  title={Distributional structure},
  author={Harris, Zellig S},
  journal={Word},
  volume={10},
  number={2-3},
  pages={146--162},
  year={1954},
  publisher={Taylor \& Francis}
}
@article{rumelhart1986learning,
  title={Learning representations by back-propagating errors},
  author={Rumelhart, David E and Hintont, Geoffrey E and Williams, Ronald J},
  journal={Nature},
  volume={323},
  pages={9},
  year={1986}
}
@inproceedings{collobert2008unified,
  title={A unified architecture for natural language processing: Deep neural networks with multitask learning},
  author={Collobert, Ronan and Weston, Jason},
  booktitle={Proceedings of the 25th international conference on Machine learning},
  pages={160--167},
  year={2008},
  organization={ACM}
}
@inproceedings{glorot2011domain,
  title={Domain adaptation for large-scale sentiment classification: A deep learning approach},
  author={Glorot, Xavier and Bordes, Antoine and Bengio, Yoshua},
  booktitle={Proceedings of the 28th International Conference on Machine Learning (ICML-11)},
  pages={513--520},
  year={2011}
}
@inproceedings{mohamed2009bayesian,
  title={Bayesian exponential family PCA},
  author={Mohamed, Shakir and Ghahramani, Zoubin and Heller, Katherine A},
  booktitle={Neural Information Processing Systems},
  pages={1089--1096},
  year={2009}
}
@inproceedings{collins2001generalization,
  title={A generalization of principal components analysis to the exponential family},
  author={Collins, Michael and Dasgupta, Sanjoy and Schapire, Robert E},
  booktitle={Neural Information Processing Systems},
  pages={617--624},
  year={2001}
}
@article{hoff2002latent,
  title={Latent space approaches to social network analysis},
  author={Hoff, Peter D and Raftery, Adrian E and Handcock, Mark S},
  journal={Journal of the american Statistical association},
  volume={97},
  number={460},
  pages={1090--1098},
  year={2002},
  publisher={Taylor \& Francis}
}
@article{hoff2015multilinear,
  title={Multilinear tensor regression for longitudinal relational data},
  author={Hoff, Peter D and others},
  journal={The Annals of Applied Statistics},
  volume={9},
  number={3},
  pages={1169--1193},
  year={2015},
  publisher={Institute of Mathematical Statistics}
}
@article{bullinaria2007extracting,
  title={Extracting semantic representations from word co-occurrence statistics: A computational study},
  author={Bullinaria, John A and Levy, Joseph P},
  journal={Behavior research methods},
  volume={39},
  number={3},
  pages={510--526},
  year={2007},
  publisher={Springer}
}
@article{lund1996producing,
  title={Producing high-dimensional semantic spaces from lexical co-occurrence},
  author={Lund, Kevin and Burgess, Curt},
  journal={Behavior Research Methods, Instruments, \& Computers},
  volume={28},
  number={2},
  pages={203--208},
  year={1996},
  publisher={Springer}
}
@article{rohde2006improved,
  title={An improved model of semantic similarity based on lexical co-occurrence},
  author={Rohde, Douglas LT and Gonnerman, Laura M and Plaut, David C},
  journal={Communications of the ACM},
  volume={8},
  pages={627--633},
  year={2006}
}
@article{lebret2014word,
  title={Word Embeddings through Hellinger PCA},
  author={Lebret, R{\'e}mi and Collobert, Ronan},
  journal={EACL 2014},
  pages={482},
  year={2014}
}
@article{neal1990learning,
  title={Learning stochastic feedforward networks},
  author={Neal, Radford M},
  journal={Department of Computer Science, University of Toronto},
  year={1990},
  publisher={Citeseer}
}
@article{harper2015movielens,
  title={The {MovieLens} Datasets: History and Context},
  author={Harper, F Maxwell and Konstan, Joseph A},
  journal={ACM Transactions on Interactive Intelligent Systems (TiiS)},
  volume={5},
  number={4},
  pages={19},
  year={2015},
  publisher={ACM}
}
