@inproceedings{tran2016variational,
  author = {Tran, Dustin and Ranganath, Rajesh and Blei, David M.},
  title = {Variational Gaussian Process},
  booktitle = {International Conference on Learning Representations},
  year = {2016}
}
