%% This BibTeX bibliography file was created using BibDesk.
%% http://bibdesk.sourceforge.net/

%% Created for Francisco Jesus Rodriguez Ruiz at 2017-02-28 10:06:13 -0500 


%% Saved with string encoding Unicode (UTF-8) 

@inproceedings{Maddison2017,
	Author = {Chris J. Maddison and Andriy Mnih and Yee Whye Teh},
	Booktitle = {International Conference on Learning Representations},
	Note = {(accepted for publication)},
	Title = {The Concrete Distribution: A Continuous Relaxation of Discrete Random Variables},
	Year = {2017}}

@inproceedings{Jang2017,
	Author = {Eric Jang and Shixiang Gu and Ben Poole},
	Booktitle = {International Conference on Learning Representations},
	Note = {(accepted for publication)},
	Title = {Categorical Reparameterization using Gumbel-Softmax},
	Year = {2017}}

@article{BleiAlp2016,
	Author = {{Blei}, D.~M. and {Kucukelbir}, A. and {McAuliffe}, J.~D.},
	Journal = {arXiv:1601.00670},
	Title = {Variational Inference: A Review for Statisticians},
	Year = {2016}}

@inproceedings{Waterhouse96,
	Author = {Steve Waterhouse and David Mackay and Tony Robinson},
	Booktitle = {Advances in Neural Information Processing Systems},
	Pages = {351--357},
	Publisher = {MIT Press},
	Title = {Bayesian Methods for Mixtures of Experts},
	Year = {1996}}

@inproceedings{hinton1993,
	Address = {New York, NY, USA},
	Author = {Hinton, Geoffrey E. and van Camp, Drew},
	Booktitle = {Proceedings of the Sixth Annual Conference on Computational Learning Theory},
	Location = {Santa Cruz, California, USA},
	Pages = {5--13},
	Publisher = {ACM},
	Title = {Keeping the Neural Networks Simple by Minimizing the Description Length of the Weights},
	Year = {1993}}

@misc{autograd,
	Author = {Dougal Maclaurin and David Duvenaud and Matthew Johnson and Ryan P. Adams},
	Title = {Autograd: Reverse-mode differentiation of native {P}ython},
	Url = {http://github.com/HIPS/autograd},
	Version = {1.1.2},
	Year = {2015},
	Bdsk-Url-1 = {http://github.com/HIPS/autograd}}

@article{stuart1962,
	Author = {Stuart, A.},
	Journal = {Biometrika},
	Pages = {64--65},
	Title = {Gamma-distributed products of independent random variables},
	Volume = {49},
	Year = {1962}}

@article{vonneumann:51,
	Author = {von Neumann, John},
	Journal = {Journal of Research of the National Bureau of Standards},
	Keywords = {random-numbers},
	Pages = {36--38},
	Title = {{Various Techniques Used in Connection with Random Digits}},
	Volume = {12},
	Year = {1951}}

@inproceedings{bernardo2003non,
	Author = {Papaspiliopoulos, Omiros and Roberts, Gareth O. and Sk\"old, Martin},
	Booktitle = {Bayesian Statistics 7: Proceedings of the Seventh Valencia International Meeting},
	Organization = {Oxford University Press, USA},
	Pages = {307},
	Title = {Non-centered parameterisations for hierarchical models and data augmentation},
	Year = {2003}}

@article{Moreno2016,
	Author = {Moreno, Alexander and Adel, Tameem and Meeds, Edward and Rehg, James M. and Welling, Max},
	Journal = {arXiv:1606.08549},
	Title = {Automatic Variational {ABC}},
	Year = {2016}}

@article{TranNK2015,
	Author = {Tran, Minh-Ngoc and Nott, David J. and Kohn, Robert},
	Journal = {arXiv:1503.08621},
	Title = {Variational {B}ayes with Intractable Likelihood},
	Year = {2015}}

@inproceedings{Maaloe2016,
	Author = {Maal{\o}e, Lars and S{\o}nderby, Casper Kaae and S{\o}nderby,S{\o}ren Kaae and Winther, Ole},
	Booktitle = {International Conference on Machine Learning},
	Title = {Auxiliary Deep Generative Models},
	Year = {2016}}

@inproceedings{Tran2016,
	Author = {Tran, Dustin and Ranganath, Rajesh and Blei, David M.},
	Booktitle = {International Conference on Learning Representations},
	Title = {The Variational {G}aussian process},
	Year = {2016}}

@inproceedings{Ranganath2016,
	Author = {Ranganath, Rajesh and Tran, Dustin and Blei, David M.},
	Booktitle = {International Conference on Machine Learning},
	Title = {Hierarchical variational models},
	Year = {2016}}

@inproceedings{Salimans2015,
	Author = {Salimans, Tim and Kingma, Diederik P. and Welling, Max},
	Booktitle = {International Conference on Machine Learning},
	Title = {Markov Chain {M}onte {C}arlo and Variational Inference: Bridging the Gap},
	Year = {2015}}

@inproceedings{RuizTB2016,
	Author = {Ruiz, Francisco J. R. and Titsias, Michalis K. and Blei, David M.},
	Booktitle = {Advances in Neural Information Processing Systems},
	Title = {The Generalized Reparameterization Gradient},
	Year = {2016}}

@book{devroye1986,
	Author = {Luc Devroye},
	Publisher = {Springer-Verlag},
	Title = {Non-Uniform Random Variate Generation},
	Year = {1986}}

@book{robert2004monte,
	Author = {Robert, Christian and Casella, George},
	Publisher = {Springer Science \& Business Media},
	Title = {Monte Carlo statistical methods},
	Year = {2004}}

@article{Marsaglia:2000,
	Acmid = {358414},
	Author = {Marsaglia, George and Tsang, Wai Wan},
	Journal = {ACM Transactions on Mathematical Software},
	Month = sep,
	Number = {3},
	Numpages = {10},
	Pages = {363--372},
	Publisher = {ACM},
	Title = {A Simple Method for Generating Gamma Variables},
	Volume = {26},
	Year = {2000}}

@article{Baydin2015,
	Author = {Baydin, A. G. and Pearlmutter, B. A. and Radul, A. A.},
	Date-Added = {2016-05-19 12:27:11 +0000},
	Date-Modified = {2016-05-19 12:27:11 +0000},
	Journal = {arXiv:1502.05767},
	Title = {Automatic differentiation in machine learning: a survey},
	Year = {2015}}

@inproceedings{Fan2015,
	Author = {Fan, K. and Wang, Z. and Beck, J. and Kwok, J. and Heller, K. A.},
	Booktitle = {Advances in Neural Information Processing Systems},
	Date-Added = {2016-05-14 23:29:31 +0000},
	Date-Modified = {2016-05-14 23:29:31 +0000},
	Title = {Fast Second Order Stochastic Backpropagation for Variational Inference},
	Year = {2015}}

@inproceedings{vandeMeent2016,
	Author = {van de Meent, J.-W. and Tolpin, D. and Paige, B. and Wood, F.},
	Booktitle = {Artificial Intelligence and Statistics},
	Date-Added = {2016-05-12 21:36:15 +0000},
	Date-Modified = {2016-05-12 21:36:15 +0000},
	Title = {Black-Box Policy Search with Probabilistic Programs},
	Year = {2016}}

@article{Duchi2011,
	Author = {Duchi, J. and Hazan, E. and Singer, Y.},
	Date-Added = {2016-05-09 04:42:32 +0000},
	Date-Modified = {2016-05-09 04:42:32 +0000},
	Journal = {Journal of Machine Learning Research},
	Month = {jul},
	Pages = {2121--2159},
	Title = {Adaptive subgradient methods for online learning and stochastic optimization},
	Volume = {12},
	Year = {2011}}

@misc{Tieleman2012,
	Author = {Tieleman, T. and Hinton, G.},
	Date-Added = {2016-05-09 04:38:59 +0000},
	Date-Modified = {2016-05-09 04:38:59 +0000},
	Howpublished = {Coursera: Neural Networks for Machine Learning, 4},
	Title = {Lecture 6.5-{RMSPROP}: Divide the gradient by a running average of its recent magnitude},
	Year = {2012}}

@article{Lake2015,
	Author = {Lake, B. M. and Salakhutdinov, R. and Tenenbaum, J. B.},
	Date-Added = {2016-05-09 03:02:13 +0000},
	Date-Modified = {2016-05-09 03:02:13 +0000},
	Journal = {Science},
	Number = {6266},
	Pages = {1332--1338},
	Title = {Human-level concept learning through probabilistic program induction},
	Volume = {350},
	Year = {2015}}

@article{Kucukelbir2016,
	Author = {Kucukelbir, A. and Tran, D. and Ranganath, R. and Gelman, A. and Blei, D. M.},
	Date-Added = {2016-05-08 17:57:33 +0000},
	Date-Modified = {2016-05-08 17:57:33 +0000},
	Journal = {arXiv:1603.00788},
	Title = {Automatic Differentiation Variational Inference},
	Year = {2016}}

@inproceedings{Schulman2015,
	Author = {Schulman, J. and Heess, N. and Weber, T. and Abbeel, P.},
	Booktitle = {Advances in Neural Information Processing Systems},
	Date-Added = {2016-05-08 11:50:11 +0000},
	Date-Modified = {2016-05-08 11:50:11 +0000},
	Title = {Gradient Estimation Using Stochastic Computation Graphs},
	Year = {2015}}

@article{Wainwright2008,
	Author = {Wainwright, M. J. and Jordan, M. I.},
	Journal = {Foundations and Trends in Machine Learning},
	Month = jan,
	Number = {1--2},
	Pages = {1--305},
	Title = {Graphical Models, Exponential Families, and Variational Inference},
	Volume = {1},
	Year = {2008}}

@article{Jordan1999,
	Author = {Jordan, M. I. and Ghahramani, Z. and Jaakkola, T. S. and Saul, L. K.},
	Journal = {Machine Learning},
	Month = nov,
	Number = {2},
	Pages = {183--233},
	Title = {An Introduction to Variational Methods for Graphical Models},
	Volume = {37},
	Year = {1999}}

@article{Hoffman2013,
	Author = {Hoffman, M. D. and Blei, D. M. and Wang, C. and Paisley, J.},
	Journal = {Journal of Machine Learning Research},
	Month = may,
	Pages = {1303--1347},
	Title = {Stochastic Variational Inference},
	Volume = {14},
	Year = {2013}}

@inproceedings{Ghahramani2001,
	Author = {Ghahramani, Z. and Beal, M. J.},
	Booktitle = {Advances in Neural Information Processing Systems},
	Title = {Propagation Algorithms for Variational {B}ayesian Learning},
	Year = {2001}}

@inproceedings{Carbonetto2009,
	Author = {Carbonetto, P. and King, M. and Hamze, F.},
	Booktitle = {Advances in Neural Information Processing Systems},
	Title = {A stochastic approximation method for inference in probabilistic graphical models},
	Year = {2009}}

@inproceedings{Paisley2012,
	Author = {Paisley, J. W. and Blei, D. M. and Jordan, M. I.},
	Booktitle = {International Conference on Machine Learning},
	Title = {Variational {B}ayesian Inference with Stochastic Search},
	Year = {2012}}

@article{Salimans2013,
	Author = {Salimans, Tim and Knowles, David A.},
	Journal = {Bayesian Analysis},
	Number = {4},
	Pages = {837--882},
	Title = {Fixed-Form Variational Posterior Approximation through Stochastic Linear Regression},
	Volume = {8},
	Year = {2013}}

@inproceedings{Ranganath2014,
	Author = {Ranganath, Rajesh and Gerrish, Sean and Blei, David M.},
	Booktitle = {Artificial Intelligence and Statistics},
	Title = {Black Box Variational Inference},
	Year = {2014}}

@inproceedings{Titsias2014_doubly,
	Author = {Titsias, M. K. and L\'{a}zaro-Gredilla, M.},
	Booktitle = {International Conference on Machine Learning},
	Title = {Doubly stochastic variational {B}ayes for non-conjugate inference},
	Year = {2014}}

@article{Neal1992,
	Author = {Neal, R.},
	Journal = {Artificial Intelligence},
	Month = {jul},
	Number = {1},
	Pages = {71--113},
	Title = {Connectionist Learning of Belief Networks},
	Volume = {56},
	Year = {1992}}

@article{Hinton1995,
	Author = {Hinton, G. and Dayan, P. and Frey, B. J. and Neal, R. M.},
	Journal = {Science},
	Number = {5214},
	Pages = {1158--1161},
	Title = {The Wake-Sleep Algorithm for Unsupervised Neural Networks},
	Volume = {268},
	Year = {1995}}

@inproceedings{Mnih2014,
	Author = {Mnih, A. and Gregor, K.},
	Booktitle = {International Conference on Machine Learning},
	Title = {Neural variational inference and learning in belief networks},
	Year = {2014}}

@inproceedings{Kingma2014,
	Author = {Kingma, D. P. and Welling, M.},
	Booktitle = {International Conference on Learning Representations},
	Title = {Auto-Encoding Variational {B}ayes},
	Year = {2014}}

@article{Wingate2013,
	Author = {Wingate, D. and Weber, T.},
	Journal = {arXiv:1301.1299},
	Title = {Automated Variational Inference in Probabilistic Programming},
	Year = {2013}}

@inproceedings{Kucukelbir2015,
	Author = {Kucukelbir, A. and Ranganath, R. and Gelman, A. and Blei, D. M.},
	Booktitle = {Advances in Neural Information Processing Systems},
	Title = {Automatic Variational Inference in {S}tan},
	Year = {2015}}

@article{Glynn1990,
	Author = {Glynn, P. W.},
	Journal = {Communications of the ACM},
	Month = {oct},
	Number = {10},
	Pages = {75--84},
	Title = {Likelihood ratio gradient estimation for stochastic systems},
	Volume = {33},
	Year = {1990}}

@article{Williams1992,
	Author = {Williams, R. J.},
	Journal = {Machine Learning},
	Number = {3--4},
	Pages = {229--256},
	Title = {Simple statistical gradient-following algorithms for connectionist reinforcement learning},
	Volume = {8},
	Year = {1992}}

@article{Casella1996,
	Author = {Casella, G. and Robert, C. P.},
	Journal = {Biometrika},
	Number = {1},
	Pages = {81--94},
	Title = {Rao-{B}lackwellisation of sampling schemes},
	Volume = {83},
	Year = {1996}}

@book{Ross2002,
	Author = {Ross, S. M.},
	Publisher = {Elsevier},
	Title = {Simulation},
	Year = {2002}}

@inproceedings{Gu2016,
	Author = {Gu, S. and Levine, S. and Sutskever, I. and Mnih, A.},
	Booktitle = {International Conference on Learning Representations},
	Title = {Mu{P}rop: Unbiased Backpropagation for Stochastic Neural Networks},
	Year = {2016}}

@article{Price1958,
	Author = {Price, R.},
	Journal = {IRE Transactions on Information Theory},
	Number = {2},
	Pages = {69--72},
	Title = {A useful theorem for nonlinear devices having {G}aussian inputs},
	Volume = {4},
	Year = {1958}}

@article{Bonnet1964,
	Author = {Bonnet, G.},
	Journal = {Annals of Telecommunications},
	Number = {9},
	Pages = {203--220},
	Title = {Transformations des signaux al{\'e}atoires a travers les systemes non lin{\'e}aires sans m{\'e}moire},
	Volume = {19},
	Year = {1964}}

@inproceedings{Rezende2014,
	Author = {Rezende, D. J. and Mohamed, S. and Wierstra, D.},
	Booktitle = {International Conference on Machine Learning},
	Title = {Stochastic backpropagation and approximate inference in deep generative models},
	Year = {2014}}

@inproceedings{Titsias2015,
	Author = {Titsias, M. K. and L\'{a}zaro-Gredilla, M.},
	Booktitle = {Advances in Neural Information Processing Systems},
	Title = {Local Expectation Gradients for Black Box Variational Inference},
	Year = {2015}}

@inproceedings{Ruiz2016,
	Author = {Ruiz, F. J. R. and Titsias, M. K. and Blei, D. M.},
	Booktitle = {Uncertainty in Artificial Intelligence},
	Title = {Overdispersed Black-Box Variational Inference},
	Year = {2016}}

@article{Knowles2015,
	Author = {Knowles, David A.},
	Journal = {arXiv:1509.01631v1},
	Title = {Stochastic gradient variational {B}ayes for {G}amma approximating distributions},
	Year = {2015}}

@book{Abramowitz1972,
	Address = {New York},
	Author = {Abramowitz, M. and Stegun, I. A.},
	Publisher = {{D}over {P}ublications},
	Title = {Handbook of Mathematical Functions with Formulas, Graphs, and Mathematical Tables},
	Year = {1972}}

@inproceedings{Ranganath2015,
	Author = {Ranganath, R. and Tang, L. and Charlin, L. and Blei, D. M.},
	Booktitle = {Artificial Intelligence and Statistics},
	Title = {Deep exponential families},
	Year = {2015}}
