

@book{Bishop2006,
  address =       {Secaucus, NJ, USA},
  author =        {Bishop, C. M.},
  publisher =     {Springer-Verlag New York, Inc.},
  title =         {Pattern Recognition and Machine Learning
                   ({Information Science and Statistics})},
  year =          {2006},
}

@book{Murphy2012,
  author =        {Murphy, K. P.},
  publisher =     {MIT Press},
  title =         {Machine Learning: A Probabilistic Perspective},
  year =          {2012},
}

@article{Wainwright2008,
  author =        {Wainwright, M. J. and Jordan, M. I.},
  journal =       {Foundations and Trends in Machine Learning},
  month =         jan,
  number =        {1--2},
  pages =         {1--305},
  title =         {Graphical Models, Exponential Families, and
                   Variational Inference},
  volume =        {1},
  year =          {2008},
}

@article{Jordan1999,
  author =        {Jordan, M. I. and Ghahramani, Z. and Jaakkola, T. S. and
                   Saul, L. K.},
  journal =       {Machine Learning},
  month =         nov,
  number =        {2},
  pages =         {183--233},
  title =         {An Introduction to Variational Methods for Graphical
                   Models},
  volume =        {37},
  year =          {1999},
}

@inproceedings{Ghahramani2001,
  author =        {Ghahramani, Z. and Beal, M. J.},
  booktitle =     {Advances in Neural Information Processing Systems},
  title =         {Propagation Algorithms for Variational {B}ayesian
                   Learning},
  year =          {2001},
}

@inproceedings{Carbonetto2009,
  author =        {Carbonetto, P. and King, M. and Hamze, F.},
  booktitle =     {Advances in Neural Information Processing Systems},
  title =         {A stochastic approximation method for inference in
                   probabilistic graphical models},
  year =          {2009},
}

@inproceedings{Paisley2012,
  author =        {Paisley, J. W. and Blei, D. M. and Jordan, M. I.},
  booktitle =     {International Conference on Machine Learning},
  title =         {Variational {B}ayesian Inference with Stochastic
                   Search},
  year =          {2012},
}

@article{Salimans2013,
  author =        {Salimans, T. and Knowles, D. A.},
  journal =       {Bayesian Analysis},
  number =        {4},
  pages =         {837--882},
  title =         {Fixed-Form Variational Posterior Approximation
                   through Stochastic Linear Regression},
  volume =        {8},
  year =          {2013},
}

@inproceedings{Ranganath2014,
  author =        {Ranganath, R. and Gerrish, S. and Blei, D. M.},
  booktitle =     {Artificial Intelligence and Statistics},
  title =         {Black Box Variational Inference},
  year =          {2014},
}

@inproceedings{Titsias2014_doubly,
  author =        {Titsias, M. K. and L\'{a}zaro-Gredilla, M.},
  booktitle =     {International Conference on Machine Learning},
  title =         {Doubly stochastic variational {B}ayes for
                   non-conjugate inference},
  year =          {2014},
}

@article{Neal1992,
  author =        {Neal, R.},
  journal =       {Artificial Intelligence},
  month =         {jul},
  number =        {1},
  pages =         {71--113},
  title =         {Connectionist Learning of Belief Networks},
  volume =        {56},
  year =          {1992},
}

@article{Hinton1995,
  author =        {Hinton, G. and Dayan, P. and Frey, B. J. and
                   Neal, R. M.},
  journal =       {Science},
  number =        {5214},
  pages =         {1158--1161},
  title =         {The Wake-Sleep Algorithm for Unsupervised Neural
                   Networks},
  volume =        {268},
  year =          {1995},
}

@inproceedings{Mnih2014,
  author =        {Mnih, A. and Gregor, K.},
  booktitle =     {International Conference on Machine Learning},
  title =         {Neural variational inference and learning in belief
                   networks},
  year =          {2014},
}

@inproceedings{Kingma2014,
  author =        {Kingma, D. P. and Welling, M.},
  booktitle =     {International Conference on Learning Representations},
  title =         {Auto-Encoding Variational {B}ayes},
  year =          {2014},
}

@inproceedings{Ranganath2015,
  author =        {Ranganath, R. and Tang, L. and Charlin, L. and
                   Blei, D. M.},
  booktitle =     {Artificial Intelligence and Statistics},
  title =         {Deep exponential families},
  year =          {2015},
}

@article{Wingate2013,
  author =        {Wingate, D. and Weber, T.},
  journal =       {arXiv:1301.1299},
  title =         {Automated Variational Inference in Probabilistic
                   Programming},
  year =          {2013},
}

@inproceedings{Kucukelbir2015,
  author =        {Kucukelbir, A. and Ranganath, R. and Gelman, A. and
                   Blei, D. M.},
  booktitle =     {Advances in Neural Information Processing Systems},
  title =         {Automatic Variational Inference in {S}tan},
  year =          {2015},
}

@article{Williams1992,
  author =        {Williams, R. J.},
  journal =       {Machine Learning},
  number =        {3--4},
  pages =         {229--256},
  title =         {Simple statistical gradient-following algorithms for
                   connectionist reinforcement learning},
  volume =        {8},
  year =          {1992},
}

@inproceedings{vandeMeent2016,
  author =        {van de Meent, J.-W. and Tolpin, D. and Paige, B. and
                   Wood, F.},
  booktitle =     {Artificial Intelligence and Statistics},
  title =         {Black-Box Policy Search with Probabilistic Programs},
  year =          {2016},
}

@article{Casella1996,
  author =        {Casella, G. and Robert, C. P.},
  journal =       {Biometrika},
  number =        {1},
  pages =         {81--94},
  title =         {Rao-{B}lackwellisation of sampling schemes},
  volume =        {83},
  year =          {1996},
}

@book{Ross2002,
  author =        {Ross, S. M.},
  publisher =     {Elsevier},
  title =         {Simulation},
  year =          {2002},
}

@inproceedings{Gu2016,
  author =        {Gu, S. and Levine, S. and Sutskever, I. and Mnih, A.},
  booktitle =     {International Conference on Learning Representations},
  title =         {Mu{P}rop: Unbiased Backpropagation for Stochastic
                   Neural Networks},
  year =          {2016},
}

@article{Price1958,
  author =        {Price, R.},
  journal =       {IRE Transactions on Information Theory},
  number =        {2},
  pages =         {69--72},
  title =         {A useful theorem for nonlinear devices having
                   {G}aussian inputs},
  volume =        {4},
  year =          {1958},
}

@article{Bonnet1964,
  author =        {Bonnet, G.},
  journal =       {Annals of Telecommunications},
  number =        {9},
  pages =         {203--220},
  title =         {Transformations des signaux al{\'e}atoires a travers
                   les systemes non lin{\'e}aires sans m{\'e}moire},
  volume =        {19},
  year =          {1964},
}

@inproceedings{Rezende2014,
  author =        {Rezende, D. J. and Mohamed, S. and Wierstra, D.},
  booktitle =     {International Conference on Machine Learning},
  title =         {Stochastic backpropagation and approximate inference
                   in deep generative models},
  year =          {2014},
}

@inproceedings{Titsias2015,
  author =        {Titsias, M. K. and L\'{a}zaro-Gredilla, M.},
  booktitle =     {Advances in Neural Information Processing Systems},
  title =         {Local Expectation Gradients for Black Box Variational
                   Inference},
  year =          {2015},
}

@unpublished{Owen2013,
  author =        {Owen, A. B.},
  note =          {Book in preparation},
  title =         {{M}onte {C}arlo theory, methods and examples},
  year =          {2013},
}

@article{Jorgensen1987,
  author =        {J{\o}rgensen, B.},
  journal =       {Journal of the Royal Statistical Society, Series B
                   (Methodological)},
  number =        {2},
  pages =         {127--162},
  title =         {Exponential Dispersion Models},
  volume =        {49},
  year =          {1987},
}

@techreport{Kleijnen1996,
  author =        {Kleijnen, J. P. C. and Rubinstein, R. Y.},
  institution =   {Tilburg University, School of Economics and
                   Management},
  title =         {Optimization and Sensitivity Analysis of Computer
                   Simulation Models by the Score Function Method},
  year =          {1996},
}

@article{Glynn1990,
  author =        {Glynn, P. W.},
  journal =       {Communications of the ACM},
  month =         {oct},
  number =        {10},
  pages =         {75--84},
  title =         {Likelihood ratio gradient estimation for stochastic
                   systems},
  volume =        {33},
  year =          {1990},
}

@book{Robert2005,
  address =       {Secaucus, NJ, USA},
  author =        {Robert, C. P. and Casella, G.},
  publisher =     {Springer-Verlag New York, Inc.},
  title =         {{M}onte {C}arlo Statistical Methods ({S}pringer Texts
                   in {S}tatistics)},
  year =          {2005},
}

@book{Rubinstein2011,
  author =        {Rubinstein, R. Y. and Kroese, D. P.},
  publisher =     {Wiley Series in Probability and Statistics},
  title =         {Simulation and the {M}onte {C}arlo method},
  year =          {2011},
}

@inproceedings{Burda2016,
  author =        {Burda, Y. and Grosse, R. and Salakhutdinov, R.},
  booktitle =     {International Conference on Learning Representations},
  title =         {Importance Weighted Autoencoders},
  year =          {2016},
}

@article{Robbins1951,
  author =        {Robbins, H. and Monro, S.},
  journal =       {The Annals of Mathematical Statistics},
  number =        {3},
  pages =         {400--407},
  title =         {A stochastic approximation method},
  volume =        {22},
  year =          {1951},
}

@inproceedings{Veach1995,
  author =        {Veach, E. and Guibas, L.},
  booktitle =     {ACM SIGGRAPH},
  title =         {Optimally combining sampling techniques for {M}onte
                   {C}arlo rendering},
  year =          {1995},
}

@article{Hesterberg1995,
  author =        {Hesterberg, T.},
  journal =       {Technometrics},
  number =        {2},
  pages =         {185--194},
  title =         {Weighted average importance sampling and defensive
                   mixture distributions},
  volume =        {37},
  year =          {1995},
}

@article{Owen2000,
  author =        {Owen, A. and Zhou, Y.},
  journal =       {Journal of the American Statistical Association},
  number =        {449},
  pages =         {135---143},
  title =         {Safe and effective importance sampling},
  volume =        {95},
  year =          {2000},
}

@article{Elvira2015_generalized,
  author =        {Elvira, V. and Martino, L. and Luengo, D. and
                   Bugallo, M. F.},
  journal =       {arXiv:1511.03095},
  title =         {Generalized Multiple Importance Sampling},
  year =          {2015},
}

@article{Duchi2011,
  author =        {Duchi, J. and Hazan, E. and Singer, Y.},
  journal =       {Journal of Machine Learning Research},
  month =         {jul},
  pages =         {2121--2159},
  title =         {Adaptive subgradient methods for online learning and
                   stochastic optimization},
  volume =        {12},
  year =          {2011},
}

@inproceedings{Ranganath2015_hvm,
  author =        {Ranganath, R. and Tran, D. and Blei, D. M.},
  booktitle =     {International Conference on Machine Learning},
  title =         {Hierarchical Variational Models},
  year =          {2016},
}

@inproceedings{Tran2016,
  author =        {Tran, D. and Ranganath, R. and Blei, D. M.},
  booktitle =     {International Conference on Learning Representations},
  title =         {Variational {G}aussian processes},
  year =          {2016},
}


@article{Bouchard:2015a,
	Author = {Bouchard, Guillaume and Trouillon, Th{\'e}o and Perez, Julien and Gaidon, Adrien},
	Journal = {arXiv:1506.09016},
	Title = {Online Learning to Sample},
	Year = {2015}}

