@inproceedings{ranganath2016operator,
  author = {Ranganath, Rajesh and Altosaar, Jaan and Tran, Dustin and Blei, David M.},
  title = {Operator Variational Inference},
  booktitle = {Neural Information Processing Systems},
  year = {2016}
}
