@article{hoffman2013stochastic,
  title={Stochastic variational inference},
  author={Hoffman, Matthew D. and Blei, David M. and Wang, Chong and Paisley, John},
  journal={Journal of Machine Learning Research},
  volume={14},
  pages={1303--1347},
  year={2013},
}
@article{blei2003latent,
  title={Latent Dirichlet allocation},
  author={Blei, David M. and Ng, Andrew Y. and Jordan, Michael I.},
  journal={Journal of Machine Learning Research},
  volume={3},
  pages={993--1022},
  year={2003},
}
@inproceedings{ranganath2014black,
  author    = {Rajesh Ranganath and
               Sean Gerrish and
               David M. Blei},
  title     = {Black box variational inference},
  booktitle = {Artificial Intelligence and Statistics},
  pages     = {814--822},
  year={2014},
}
@article{robbins1951stochastic,
  title={A stochastic approximation method},
  author={Robbins, Herbert and Monro, Sutton},
  journal={The Annals of Mathematical Statistics},
  volume={22},
  number={3},
  pages={400--407},
  year={1951},
}
@article{maclaurin2015early,
  title = {{Early Stopping is Nonparametric Variational Inference}},
  author = {Maclaurin, Dougal and Duvenaud, David and Adams, Ryan P.},
  journal={arXiv preprint arXiv:1504.01344},
  year={2015},
}
@article {sklar1959fonstions,
        author="Abe Sklar",
        title="Fonstions de R\'epartition \`a $n$ dimensions et leurs Marges",
        JOURNAL={Publications de l'Institut de Statistique de l'Universit\'e de {P}aris},
        VOLUME={8},
        YEAR={1959},
        PAGES={229--231}
}
@inproceedings{hoffman2015structured,
  author = {Hoffman, Matthew D. and Blei, David M.},
  booktitle = {Artificial Intelligence and Statistics},
  title = {{Structured Stochastic Variational Inference}},
  year = {2015}
}
@article{genest2009editorial,
title = {Editorial to the special issue on modeling and measurement of multivariate risk in insurance and finance},
author = {Genest, Christian and Gerber, Hans U. and Goovaerts, Marc J. and Laeven, Roger},
year = {2009},
journal = {Insurance: Mathematics and Economics},
volume = {44},
number = {2},
pages = {143-145},
}

@article{hobaek2010simplified,
author = {{Hob\ae k Haff}, Ingrid and Aas, Kjersti and Frigessi, Arnoldo},
journal = {Journal of Multivariate Analysis},
number = {5},
pages = {1296--1310},
title = {{On the simplified pair-copula construction - Simply useful or too simplistic?}},
volume = {101},
year = {2010}
}

@inproceedings{lopez2013gaussian,
author = {Lopez-Paz, David and Hern\'{a}ndez-Lobato, Jos\'{e} Miguel and Ghahramani, Zoubin},
title = {{Gaussian Process Vine Copulas for Multivariate Dependence}},
booktitle = {International Conference on Machine Learning},
year = {2013}
}
@book{nelsen2006introduction,
 author = {Nelsen, Roger B.},
 title = {An Introduction to Copulas (Springer Series in Statistics)},
 year = {2006},
 publisher = {Springer-Verlag New York, Inc.},
}
@article{bedford2002vines,
    author = {Tim Bedford and Roger M. Cooke},
    title = {Vines - a New Graphical Model for Dependent Random Variables},
    journal = {Annals of Statistics},
    year = {2002},
    volume = {30},
    number={4},
    pages = {1031--1068}
}

@article{bedford2001probabilistic,
    author = {Tim Bedford and Roger M. Cooke},
    title = {Probabilistic density decomposition for conditionally dependent
    random variables modeled by vines},
    journal = {Annals of mathematics and Artificial Intelligence},
    year = {2001},
    volume = {32},
    pages = {245--268},
}
@inbook{joe1996families,
  author={Harry Joe},
  title={Families of $m$-variate distributions with given margins and $m(m-1)/2$
  bivariate dependence parameters},
  booktitle = "Distributions with fixed marginals and related topics",
  publisher = "Institute of Mathematical Statistics",
  pages={120--141},
  year={1996},
}
@book{joe1997multivariate,
  author={Harry Joe},
  title={Multivariate Models and Dependence Concepts},
  publisher={CRC Press},
  year={1997},
}
@book{kurowicka2006uncertainty,
  author={Dorota Kurowicka and Roger M. Cooke},
  year={2006},
  title={Uncertainty Analysis with High Dimensional Dependence Modelling},
  publisher={Wiley, New York},
}
@article{dissmann2012selecting,
  author={Jeffrey Dissmann and Eike Christian Brechmann and Claudia Czado and Dorota
  Kurowicka},
  title = {Selecting and estimating regular vine copulae and application to financial returns},
  journal={arXiv preprint arXiv:1202.2002},
  year={2012},
}
@inproceedings{saul1995exploiting,
    author = {Lawrence Saul and Michael I. Jordan},
    title = {Exploiting tractable substructures in intractable networks},
    year = {1995},
    pages = {486--492},
    booktitle = {Neural Information Processing Systems},
}
@article{dempster1777maximum,
    author = {Arthur P. Dempster and Nan M. Laird and Donald B. Rubin},
    title = {Maximum likelihood from incomplete data via the EM algorithm},
    journal = {Journal of the Royal Statistical Society, Series B},
    year = {1977},
    volume = {39},
    number = {1},
}
@article{hansen1996finite,
title = {Finite-Sample Properties of Some Alternative GMM Estimators},
author = {Hansen, Lars and Heaton, John and Yaron, Amir},
year = {1996},
journal = {Journal of Business \& Economic Statistics},
volume = {14},
number = {3},
pages = {262-80},
}

@inproceedings{kingma2015adam,
  author = {Kingma, Diederik P. and Ba, Jimmy Lei},
  booktitle = {International Conference on Learning Representations},
  title = {{Adam: a Method for Stochastic Optimization}},
  year = {2015}
}

@article{duchi2011adaptive,
author = {Duchi, John and Hazan, Elad and Singer, Yoram},
journal = {Journal of Machine Learning Research},
pages = {2121--2159},
title = {{Adaptive Subgradient Methods for Online Learning and Stochastic Optimization}},
volume = {12},
year = {2011}
}

@article{martens2015optimizing,
  title = {Optimizing Neural Networks with Kronecker-factored Approximate
  Curvature},
  author = {James Martens and Roger Grosse},
  journal={arXiv preprint arXiv:1503.05671},
  year={2015},
}

@article{xu2011towards,
  title={Towards optimal one pass large scale learning with averaged stochastic gradient descent},
  author={Xu, Wei},
  journal={arXiv preprint arXiv:1107.2490},
  year={2011}
}
@article{amari1998natural,
  title={Natural gradient works efficiently in learning},
  author={Shun-Ichi Amari},
  journal={Neural Computation},
  volume={10},
  number={2},
  pages={251--276},
  year={1998}
}

@inproceedings{kucukelbir2014fully,
author = {Kucukelbir, Alp and Ranganath, Rajesh and Gelman, Andrew and Blei, David M},
booktitle = {NIPS Workshop on Variational Inference},
pages = {1--4},
title = {{Fully Automatic Variational Inference of Differentiable Probability Models}},
year = {2014}
}
@misc{maclaurin2015autograd,
  author = {Dougal Maclaurin and David Duvenaud},
  title = {autograd},
  year = {2015},
  publisher = {GitHub},
  journal = {GitHub repository},
  howpublished = {\url{https://github.com/HIPS/autograd}},
}
@misc{schepsmeier2015vine,
  title = {VineCopula: Statistical Inference of Vine Copulas},
  author = {Ulf Schepsmeier and Jakob Stoeber and Eike Christian Brechmann and Benedikt Graeler},
  year = {2015},
}
@article{kurowicka2007sampling,
  author={Dorota Kurowicka and Roger M. Cooke},
 title = {Sampling Algorithms for Generating Joint Uniform Distributions Using the Vine-copula Method},
 journal = {Computational Statistics \& Data Analysis},
 volume = {51},
 number = {6},
 year = {2007},
 pages = {2889--2906},
 }

@inproceedings{giordano2015linear,
  title = {Linear response methods for accurate covariance estimates from mean field variational Bayes},
  author = {Ryan Giordano and Tamara Broderick and Michael I. Jordan},
  booktitle={Neural Information Processing Systems},
  year={2015},
}
@article{hoff2001latent,
    author = {Peter D. Hoff and Adrian E. Raftery and Mark S. Handcock},
    title = {Latent Space Approaches to Social Network Analysis},
    journal = {Journal of the American Statistical Association},
    year = {2001},
    volume = {97},
    pages = {1090--1098}
}
@article{morales2010about,
  title = {About the number of vines and regular vines on n nodes},
  author = {Oswaldo Morales-N{\'a}poles and Roger M. Cooke and Dorota Kurowicka},
  journal={Technical report},
  year={2010},
}

@book{lange2010numerical,
 author = {Kenneth Lange},
 title = {Numerical analysis for statisticians},
 year = {2010},
 publisher = {Springer},
}

@article{nesterov1983method,
    author = {Nesterov, Yurii},
    journal = {Soviet Mathematics Doklady},
    pages = {372--376},
    title = {{A method of solving a convex programming problem with convergence rate O(1/sqr(k))}},
    volume = {27},
    year = {1983}
}
@misc{tieleman2012rmsprop,
  title={{Lecture 6.5---RmsProp: Divide the gradient by a running average of its recent magnitude}},
  author={Tieleman, T. and Hinton, G.},
  howpublished={COURSERA: Neural Networks for Machine Learning},
  year={2012}
}
@book{devroye1986non,
  author = {Devroye, Luc},
  publisher = {Springer-Verlag},
  title = {Non-Uniform Random Variate Generation},
  year = {1986},
}

@article{wainwright2008graphical,
  author = {Wainwright, Martin J. and Jordan, Michael I.},
  journal = {Foundations and Trends in Machine Learning},
  number = {1-2},
  pages = {1--305},
  title = {{Graphical Models, Exponential Families, and Variational Inference}},
  volume = {1},
  year = {2008}
}

@article{blei2005variational,
    author = {David M. Blei and Michael I. Jordan},
    title = {Variational inference for Dirichlet process mixtures},
    journal = {Bayesian Analysis},
    year = {2005},
    volume = {1},
    pages = {121--144}
}

@article{lecun1998gradient,
  author={{Le Cun}, Yann and Bottou, L\'{e}on and Bengio, Yoshua and Haffner, Patrick},
  title={Gradient-based learning applied to document recognition},
  journal={Proceedings of IEEE},
  volume={86},
  number={11},
  pages={2278-2324},
  year={1998}
}

@article{gruber2015sequential,
  author={Lutz Gruber and Claudia Czado},
  title={Sequential Bayesian Model Selection of Regular Vine Copulas},
  journal={International Society for Bayesian Analysis},
  year={2015}
}
@misc{stan-software:2015,
  author = {{Stan Development Team}},
  year = {2015},
  title = {Stan: A C++ Library for Probability and Sampling,
           Version 2.8.0},
  url = {http://mc-stan.org/}
}
@article{frechet1960tableaux,
  title={Les tableaux dont les marges sont donn{\'e}es},
  author={Fr{\'e}chet, Maurice},
  journal={Trabajos de estad{\'\i}stica},
  volume={11},
  number={1},
  pages={3--18},
  year={1960},
  publisher={Springer}
}
@inproceedings{rezende2014stochastic,
author = {Rezende, Danilo Jimenez and Mohamed, Shakir and Wierstra, Daan},
title = {{Stochastic Backpropagation and Approximate Inference in Deep Generative Models}},
booktitle = {International Conference on Machine Learning},
year = {2014}
}
@inproceedings{seeger2010gaussian,
  title={Gaussian covariance and scalable variational inference},
  author={Seeger, Matthias},
  booktitle={International Conference on Machine Learning},
  year={2010},
}
@inproceedings{kingma2014autoencoding,
author = {Kingma, Diederik P and Welling, Max},
title = {{Auto-Encoding Variational Bayes}},
booktitle = {International Conference on Learning Representations},
year = {2014},
}

@incollection{jaakola1998improving,
author = {Jaakkola, Tommi S and Jordan, Michael I},
title = {{Improving the Mean Field Approximation Via the Use of Mixture Distributions}},
booktitle = {Learning in Graphical Models},
year = {1998},
pages = {163--173},
publisher = {Springer Netherlands},
address = {Dordrecht}
}
@article{opper2001from,
  title={2 From naive mean field theory to the tap equations},
  author={Opper, Manfred and Winther, Ole},
  journal={Advanced Mean Field Methods: Theory and Practice},
  pages={7},
  year={2001},
  publisher={MIT Press}
}
@inproceedings{kappen2001second,
author = {Kappen, Hilbert J and Wiegerinck, Wim},
title = {{Second order approximations for probability models}},
booktitle = {Neural Information Processing Systems},
year = {2001}
}
@inproceedings{recht2011hogwild,
  title={Hogwild: A lock-free approach to parallelizing stochastic gradient descent},
  author={Recht, Benjamin and Re, Christopher and Wright, Stephen and Niu, Feng},
  booktitle={Advances in Neural Information Processing Systems},
  pages={693--701},
  year={2011}
}
@article{tran2015stochastic,
  title = {{Stochastic gradient descent methods for estimation with large data sets}},
  author = {Dustin Tran and Panos Toulis and Edoardo M Airoldi},
  journal={arXiv preprint arXiv:1509.06459},
  year={2015},
}
@article{toulis2014implicit,
  title = {{Implicit stochastic gradient descent}},
  author = {Panos Toulis and Edoardo M Airoldi},
  journal={arXiv preprint arXiv:1408.2923},
  year={2014},
}
