@inproceedings{tran2015copula,
  author = {Tran, Dustin and Blei, David M. and Airoldi, Edoardo M.},
  title = {Copula variational inference},
  booktitle = {Neural Information Processing Systems},
  year = {2015}
}
