@incollection{NIPS2014_5360,
title = {Content-based recommendations with Poisson factorization},
author = {Gopalan, Prem K and Charlin, Laurent and Blei, David},
booktitle = {Advances in Neural Information Processing Systems 27},
editor = {Z. Ghahramani and M. Welling and C. Cortes and N.D. Lawrence and
K.Q. Weinberger},
pages = {3176--3184},
year = {2014},
publisher = {Curran Associates, Inc.},
url = {http://papers.nips.cc/paper/5360-content-based-recommendations-with-poisson-factorization.pdf}
}
