@article{wainwright2008graphical,
  title={Graphical models, exponential families, and variational inference},
  author={Wainwright, Martin J and Jordan, Michael I},
  journal={Foundations and Trends in Machine Learning},
  volume={1},
  number={1-2},
  pages={1--305},
  year={2008},
  publisher={Now Publishers Inc.}
}

@article{tibshirani1999model,
  title={Model search by bootstrap ``bumping''},
  author={Tibshirani, Robert and Knight, Keith},
  journal={Journal of Computational and Graphical Statistics},
  volume={8},
  number={4},
  pages={671--686},
  year={1999},
  publisher={Taylor \& Francis}
}

@book{hastie2009elements,
  title={The Elements of Statistical Learning},
  author={Hastie, Trevor and Tibshirani, Robert and Friedman, Jerome},
  year={2009},
  publisher={Springer}
}

@article{bosnic2009overview,
  title={An overview of advances in reliability estimation of individual predictions in machine learning},
  author={Bosni{\'c}, Zoran and Kononenko, Igor},
  journal={Intelligent Data Analysis},
  volume={13},
  number={2},
  pages={385--401},
  year={2009},
  publisher={IOS Press}
}

@article{wood2001minimizing,
  title={Minimizing model fitting objectives that contain spurious local minima by bootstrap restarting},
  author={Wood, Simon N},
  journal={Biometrics},
  volume={57},
  number={1},
  pages={240--244},
  year={2001},
  publisher={Wiley Online Library}
}

@article{hoffman2013stochastic,
  title={Stochastic variational inference},
  author={Hoffman, Matthew D and Blei, David M and Wang, Chong and Paisley, John},
  journal={The Journal of Machine Learning Research},
  volume={14},
  number={1},
  pages={1303--1347},
  year={2013},
  publisher={JMLR. org}
}

@inproceedings{elidan2002data,
  title={Data perturbation for escaping local maxima in learning},
  author={Elidan, Gal and Ninio, Matan and Friedman, Nir and Shuurmans, Dale},
  booktitle={AAAI/IAAI},
  pages={132--139},
  year={2002}
}

@book{bishop2006pattern,
  title={Pattern Recognition and Machine Learning},
  author={Bishop, Christopher M},
  year={2006},
  publisher={Springer New York}
}

@inproceedings{Villegas13_CLEF,
  author = {Mauricio Villegas and Roberto Paredes and Bart Thomee},
  title = {{Overview of the ImageCLEF 2013 Scalable Concept Image Annotation Subtask}},
  booktitle = {CLEF 2013 Evaluation Labs and Workshop, Online Working Notes},
  year = {2013}
}


@article{bayarri2004interplay,
  title={The interplay of {B}ayesian and frequentist analysis},
  author={Bayarri, M J{\'e}sus and Berger, James O},
  journal={Statistical Science},
  pages={58--80},
  year={2004},
  publisher={JSTOR}
}

@article{diaconis1986consistency,
  title={On the consistency of {B}ayes estimates},
  author={Diaconis, Persi and Freedman, David},
  journal={The Annals of Statistics},
  pages={1--26},
  year={1986},
  publisher={JSTOR}
}


@article{efron2013frequentist,
author = {Efron, Bradley},
title = {Frequentist accuracy of {B}ayesian estimates},
journal = {Journal of the Royal Statistical Society: Series B},
year = {2014},
}



@book{shao2003mathematical,
  title={Mathematical Statistics},
  author={Shao, J.},
  year={2003},
  publisher={Springer}
}

@book{efron1994introduction,
  title={An Introduction to the Bootstrap},
  author={Efron, Bradley and Tibshirani, Robert J},
  year={1994},
  publisher={CRC Press}
}

@book{lehmann1999elements,
  title={Elements of Large-Sample Theory},
  author={Lehmann, E.L.},
  year={1999},
  publisher={Springer}
}

@book{bernardo2000bayesian,
  title={{B}ayesian Theory},
  author={Bernardo, Jos{\'e} M and Smith, Adrian FM},
  year={2000},
  publisher={John Wiley \& Sons}
}

@article{robbins1951stochastic,
  title={A stochastic approximation method},
  author={Robbins, Herbert and Monro, Sutton},
  journal={The Annals of Mathematical Statistics},
  pages={400--407},
  year={1951},
  publisher={JSTOR}
}

@book{spall2005introduction,
  title={Introduction to Stochastic Search and Optimization},
  author={Spall, James C},
  year={2005},
  publisher={John Wiley \& Sons}
}

@article{duchi2011adaptive,
  title={Adaptive subgradient methods for online learning and stochastic optimization},
  author={Duchi, John and Hazan, Elad and Singer, Yoram},
  journal={The Journal of Machine Learning Research},
  volume={12},
  pages={2121--2159},
  year={2011},
}

@inproceedings{ranganath2013adaptive,
  title={An adaptive learning rate for stochastic variational inference},
  author={Ranganath, Rajesh and Wang, Chong and David, Blei and Xing, Eric},
  booktitle={International Conference on Machine Learning},
  pages={298--306},
  year={2013}
}

@article{collobert2011natural,
  title={Natural language processing (almost) from scratch},
  author={Collobert, Ronan and Weston, Jason and Bottou, L{\'e}on and Karlen, Michael and Kavukcuoglu, Koray and Kuksa, Pavel},
  journal={The Journal of Machine Learning Research},
  volume={12},
  pages={2493--2537},
  year={2011}
}

@article{nemirovski2009robust,
  title={Robust stochastic approximation approach to stochastic programming},
  author={Nemirovski, Arkadi and Juditsky, Anatoli and Lan, Guanghui and Shapiro, Alexander},
  journal={SIAM Journal on Optimization},
  volume={19},
  number={4},
  pages={1574--1609},
  year={2009}
}

@article{gelman2013understanding,
  title={Understanding predictive information criteria for {B}ayesian models},
  author={Gelman, Andrew and Hwang, Jessica and Vehtari, Aki},
  journal={Statistics and Computing},
  pages={1--20},
  year={2013},
  publisher={Springer}
}

@book{frontiers,
  author    = {{National Research Council}},
  title     = {Frontiers in Massive Data Analysis},
  year      = {2013},
  publisher = {The National Academies Press},
  address   = {Washington, DC}
}

@book{box1987empirical,
  title={Empirical Model-building and Response Surfaces},
  author={Box, George EP and Draper, Norman R},
  year={1987},
  publisher={John Wiley \& Sons}
}

@book{young2005essentials,
  title={Essentials of Statistical Inference},
  author={Young, G Alastair and Smith, Richard L},
  year={2005},
  publisher={Cambridge University Press}
}

@article{hinkley1979predictive,
  title={Predictive likelihood},
  author={Hinkley, David},
  journal={The Annals of Statistics},
  pages={718--728},
  year={1979},
  publisher={JSTOR}
}

@article{davison1986approximate,
  title={Approximate predictive likelihood},
  author={Davison, AC},
  journal={Biometrika},
  volume={73},
  number={2},
  pages={323--332},
  year={1986},
  publisher={Biometrika Trust}
}

@article{bjornstad1990predictive,
  title={Predictive likelihood: a review},
  author={Bjornstad, Jan F},
  journal={Statistical Science},
  pages={242--254},
  year={1990},
  publisher={JSTOR}
}


@article{harris1989predictive,
  title={Predictive fit for natural exponential families},
  author={Harris, Ian R},
  journal={Biometrika},
  volume={76},
  number={4},
  pages={675--684},
  year={1989},
  publisher={Biometrika Trust}
}

@article{aitchison1975goodness,
  title={Goodness of prediction fit},
  author={Aitchison, John},
  journal={Biometrika},
  volume={62},
  number={3},
  pages={547--554},
  year={1975},
  publisher={Biometrika Trust}
}

@article{mathiasen1979prediction,
  title={Prediction functions},
  author={Mathiasen, Poul E},
  journal={Scandinavian Journal of Statistics},
  pages={1--21},
  year={1979},
  publisher={JSTOR}
}


@book{gelman2013bayesian,
  title={{B}ayesian Data Analysis},
  author={Gelman, Andrew and Carlin, John B and Stern, Hal S and Dunson, David B and Vehtari, Aki and Rubin, Donald B},
  year={2013},
  publisher={CRC Press}
}

@book{geisser1993predictive,
  title={Predictive Inference},
  author={Geisser, Seymour},
  year={1993},
  publisher={CRC Press}
}

@book{rousseeuw2005robust,
  title={Robust Regression and Outlier Detection},
  author={Rousseeuw, Peter J and Leroy, Annick M},
  year={2005},
  publisher={John Wiley \& Sons}
}

@book{aitkin2010statistical,
  title={Statistical Inference: an Integrated {B}ayesian/Likelihood Approach},
  author={Aitkin, Murray A},
  year={2010},
  publisher={Chapman \& Hall/CRC}
}

@book{owen2001empirical,
  title={Empirical Likelihood},
  author={Owen, Art B},
  year={2001},
  publisher={CRC Press}
}




@article{mayo2004methodology,
  title={Methodology in practice: Statistical misspecification testing},
  author={Mayo, Deborah G and Spanos, Aris},
  journal={Philosophy of Science},
  volume={71},
  number={5},
  pages={1007--1025},
  year={2004},
  publisher={JSTOR}
}


@article{good1974bayes,
  title={The {B}ayes/non-{B}ayes compromise and the multinomial distribution},
  author={Good, Irving John and Crook, James Flinn},
  journal={Journal of the American Statistical Association},
  volume={69},
  number={347},
  pages={711--720},
  year={1974},
  publisher={Taylor \& Francis}
}



@article{kleijn2006misspecification,
  title={Misspecification in infinite-dimensional {B}ayesian statistics},
  author={Kleijn, Bas JK and van der Vaart, Aad W},
  journal={The Annals of Statistics},
  pages={837--877},
  year={2006},
  publisher={JSTOR}
}


@book{murphy2012machine,
  title={Machine Learning: a Probabilistic Perspective},
  author={Murphy, Kevin P},
  year={2012},
  publisher={MIT Press}
}


@book{carlin2000bayes,
  title={{B}ayes and Empirical {B}ayes Methods for Data Analysis, Second Edition},
  author={Carlin, B.P. and Louis, T.A.},
  series={Chapman \& Hall/CRC},
  year={2000},
  publisher={Taylor \& Francis}
}



@article{murphy2000profile,
  title={On profile likelihood},
  author={Murphy, Susan A and van der Vaart, Aad W},
  journal={Journal of the American Statistical Association},
  volume={95},
  number={450},
  pages={449--465},
  year={2000},
  publisher={Taylor \& Francis Group}
}

@article{blei2003latent,
  title={Latent {D}irichlet allocation},
  author={Blei, David M and Ng, Andrew Y and Jordan, Michael I},
  journal={The Journal of Machine Learning Research},
  volume={3},
  pages={993--1022},
  year={2003}
}


@book{robert1999monte,
  title={Monte Carlo Statistical Methods},
  author={Robert, Christian P and Casella, George},
  year={1999},
  publisher={Springer}
}

@article{jordan1999introduction,
  title={An introduction to variational methods for graphical models},
  author={Jordan, Michael I and Ghahramani, Zoubin and Jaakkola, Tommi S and Saul, Lawrence K},
  journal={Machine Learning},
  volume={37},
  number={2},
  pages={183--233},
  year={1999},
  publisher={Springer}
}

@article{Efron:1983,
Author = {Efron, B.},
Journal = {Journal of the American Statistical Association},
Pages = {316--331},
Title = {Estimating the error rate of a prediction rule: improvement
on cross-validation},
Year = {1983}}


@article{Efron:1997,
Author = {Efron, B. and Tibshirani, R.},
Journal = {Journal of the American Statistical Association},
Pages = {548--560},
Title = {Improvements on cross-validation: The. 632+ bootstrap method},
Year = {1997}}


@inproceedings{Attias:1999,
Author = {Attias, H.},
Booktitle = {Uncertainty in Artificial Intelligence},
Title = {Inferring parameters and structure of latent variable models
by variational {B}ayes},
Year = {1999}}

@article{robbins1964empirical,
  title={The empirical {B}ayes approach to statistical decision problems},
  author={Robbins, Herbert},
  journal={The Annals of Mathematical Statistics},
  pages={1--20},
  year={1964},
  publisher={JSTOR}
}


@book{efron2010large,
  title={Large-scale inference: empirical {B}ayes methods for estimation, testing, and prediction},
  author={Efron, Bradley},
  year={2010},
  publisher={Cambridge University Press}
}

@book{berger1985statistical,
  title={Statistical decision theory and {B}ayesian analysis},
  author={Berger, James O},
  year={1985},
  publisher={Springer}
}

@article{kass1995reference,
  title={A reference {B}ayesian test for nested hypotheses and its relationship to the Schwarz criterion},
  author={Kass, Robert E and Wasserman, Larry},
  journal={Journal of the american statistical association},
  volume={90},
  number={431},
  pages={928--934},
  year={1995},
  publisher={Taylor \& Francis}
}

@misc{bodyfat,
  title={\url{http://lib.stat.cmu.edu/datasets/bodyfat}},
  author={StatLib},
  year={1995}
}

@article{morris1983parametric,
  title={Parametric empirical {B}ayes inference: theory and applications},
  author={Morris, Carl N},
  journal={Journal of the American Statistical Association},
  volume={78},
  number={381},
  pages={47--55},
  year={1983},
  publisher={Taylor \& Francis Group}
}

@inproceedings{robbins1955empirical,
  title={An Empirical {B}ayes Approach to Statistics},
  author={Robbins, Herbert},
  booktitle={Proceedings of the Third Berkeley Symposium on Probability and Statistics},
  year={1955},
  pages={157-164}
}

@article{vehtari2012survey,
  title={A survey of {B}ayesian predictive methods for model assessment, selection and comparison},
  author={Vehtari, Aki and Ojanen, Janne and others},
  journal={Statistics Surveys},
  volume={6},
  pages={142--228},
  year={2012},
  publisher={The author, under a Creative Commons Attribution License}
}

@inproceedings{deFinetti1961bayesian,
  title={The {B}ayesian approach to the rejection of outliers},
  author={{d}e Finetti, Bruno},
  booktitle={Proceedings of the Fourth Berkeley Symposium on Probability and Statistics},
  pages={199--210},
  year={1961},
}

@article{berger1986robust,
  title={Robust {B}ayes and empirical {B}ayes analysis with $\varepsilon$-contaminated priors},
  author={Berger, James and Berliner, L Mark},
  journal={The Annals of Statistics},
  pages={461--486},
  year={1986},
  publisher={JSTOR}
}

@article{berger1994overview,
  title={An overview of robust {B}ayesian analysis},
  author={Berger, James},
  journal={Test},
  volume={3},
  number={1},
  pages={5--124},
  year={1994},
  publisher={Springer}
}

@book{huber2009robust,
  title={Robust Statistics},
  author={Huber, P.J. and Ronchetti, E.M.},
  year={2009},
  publisher={Wiley}
}

@book{hansen2008robustness,
  title={Robustness},
  author={Hansen, Lars Peter and Sargent, Thomas J},
  year={2008},
  publisher={Princeton University Press}
}
