@inproceedings{Chaney2015,
    author = {Chaney, Allison J.B. and Blei, David M. and Eliassi-Rad, Tina},
    title = {A Probabilistic Model for Using Social Networks in Personalized Item Recommendation},
    booktitle = {RecSys},
    year = {2015},
    isbn = {978-1-4503-3692-5},
    pages = {43--50},
}
