@inproceedings{Ranganath:2015,
    author = {Ranganath, R. and Tang, L. and Charlin, L. and Blei, D.},
    booktitle = {International Conference on Artifical Intelligence and Statistics},
    title = {Deep Exponential Families},
    year = {2015}
}