@article{van2011information,
  title={Information rates of nonparametric {G}aussian process methods},
  author={Van Der Vaart, Aad and Van Zanten, Harry},
  journal={The Journal of Machine Learning Research},
  volume={12},
  pages={2095--2119},
  year={2011},
  publisher={JMLR. org}
}

@inproceedings{salakhutdinov2010efficient,
  title={Efficient learning of deep {B}oltzmann machines},
  author={Salakhutdinov, Ruslan and Larochelle, Hugo},
  booktitle={International Conference on Artificial Intelligence and Statistics},
  pages={693--700},
  year={2010}
}

@phdthesis{lawrence2000variational,
        author = {Lawrence, Neil},
        title = {{Variational Inference in Probabilistic Models}},
        year = {2000}}

@article{kucukelbir2016automatic,
author = {Kucukelbir, Alp and Tran, Dustin and Ranganath, Rajesh and Gelman, Andrew and Blei, David M},
title = {Automatic Differentiation Variational Inference},
journal = {arXiv preprint arXiv:1603.00788},
year = {2016},
}
@incollection{jaakola1998improving,
author = {Jaakkola, Tommi S and Jordan, Michael I},
title = {Improving the Mean Field Approximation Via the Use of Mixture Distributions},
booktitle = {Learning in Graphical Models},
year = {1998},
pages = {163--173},
publisher = {Springer Netherlands},
address = {Dordrecht}
}

@inproceedings{tran2015copula,
  author = {Dustin Tran and David M. Blei and Edoardo M. Airoldi},
  title = {Copula variational inference},
  booktitle = {Neural Information Processing Systems},
  year = {2015},
}
@inproceedings{rezende2015variational,
author = {Rezende, Danilo Jimenez and Mohamed, Shakir},
title = {Variational Inference with Normalizing Flows},
booktitle = {International Conference on Machine Learning},
year = {2015},
}

@inproceedings{ranganath2014black,
author = {Ranganath, Rajesh and Gerrish, Sean and Blei, David M},
title = {Black Box Variational Inference},
booktitle = {Artificial Intelligence and Statistics},
year = {2014},
}

@article{tokdar2007posterior,
author = {Tokdar, Surya T and Ghosh, Jayanta K},
title = {Posterior consistency of logistic {G}aussian process priors in density estimation},
journal = {Journal of Statistical Planning and Inference},
year = {2007},
volume = {137},
number = {1},
pages = {34--42},
}

@article{van2009adaptive,
author = {van der Vaart, A W and van Zanten, J H},
title = {Adaptive {B}ayesian estimation using a {G}aussian random field with inverse Gamma bandwidth},
journal = {The Annals of Statistics},
year = {2009},
volume = {37},
number = {5B},
pages = {2655--2675},
}
@inproceedings{damianou2013deep,
author = {Damianou, Andreas C and Lawrence, Neil D},
title = {Deep {G}aussian Processes},
booktitle = {Artificial Intelligence and Statistics},
year = {2013}
}

@inproceedings{ranganath2015deep,
author = {Ranganath, Rajesh and Tang, Linpeng and Charlin, Laurent and Blei, David M},
title = {Deep Exponential Families},
booktitle = {Artificial Intelligence and Statistics},
year = {2015}
}

@article{wainwright2008graphical,
  title={Graphical models, exponential families, and variational inference},
  author={Wainwright, Martin J and Jordan, Michael I},
  journal={Foundations and Trends{\textregistered} in Machine Learning},
  volume={1},
  number={1-2},
  pages={1--305},
  year={2008},
  publisher={Now Publishers Inc.}
}

@inproceedings{gershman2012nonparametric,
author = {Gershman, Samuel J and Hoffman, Matthew D and Blei, David M},
title = {Nonparametric Variational Inference},
booktitle = {International Conference on Machine Learning},
year = {2012},
pages = {1--8}
}
@book{nelsen2006introduction,
 author = {Nelsen, Roger B.},
 title = {An Introduction to Copulas (Springer Series in Statistics)},
 year = {2006},
 publisher = {Springer-Verlag New York, Inc.},
}
@article{hall2011asymptotic,
author = {Hall, Peter and Pham, Tung and Wand, M P and Wang, S S J},
title = {Asymptotic normality and valid inference for {G}aussian variational approximation},
journal = {The Annals of Statistics},
year = {2011},
volume = {39},
number = {5},
pages = {2502--2532},
}
@inproceedings{williams1992simple,
  author = {Ronald J. Williams},
  title = {Simple statistical gradient-following algorithms for connectionist reinforcement learning},
  booktitle = {Machine Learning},
  year = {1992},
  pages = {229--256}
}
@article{deisenroth2013survey,
author = {Deisenroth, Marc Peter and Neumann, Gerhard and Peters, Jan},
title = {A Survey on Policy Search for Robotics},
journal = {Foundations and Trends in Robotics},
year = {2013},
volume = {2},
number = {1-2},
pages = {1--142}
}
@inproceedings{kingma2014autoencoding,
author = {Kingma, Diederik P and Welling, Max},
title = {Auto-Encoding Variational {B}ayes},
booktitle = {International Conference on Learning Representations},
year = {2014},
}
@inproceedings{hensman2013gaussian,
author = {Hensman, James and Fusi, Nicolo and Lawrence, Neil D},
title = {Gaussian Processes for Big Data},
booktitle = {Uncertainty in Artificial Intelligence},
year = {2013}
}
@inproceedings{snelson2006sparse,
author = {Snelson, E. and Ghahramani, Zoubin},
title = {Sparse {G}aussian process using pseudo-inputs},
booktitle = {Neural Information Processing Systems},
year = {2006}
}
@inproceedings{lloyd2015variational,
author = {Lloyd, Chris and Gunter, Tom and Osborne, Michael A and Roberts, Stephen J},
title = {Variational Inference for {G}aussian Process Modulated Poisson Processes},
booktitle = {International Conference on Machine Learning},
year = {2015}
}
@article{robbins1951stochastic,
author = {Robbins, Herbert and Monro, S},
title = {A stochastic approximation method},
journal = {The Annals of Mathematical Statistics},
year = {1951}
}

@article{chung2015recurrent,
author = {Chung, Junyoung and Kastner, Kyle and Dinh, Laurent and Goel, Kratarth and Courville, Aaron and Bengio, Yoshua},
title = {A Recurrent Latent Variable Model for Sequential Data},
journal = {arXiv preprint arXiv:1506.02216},
year = {2015},
}
@article{carpenter2015stan,
author = {Bob Carpenter and Matthew D. Hoffman and Marcus Brubaker and Daniel
Lee and Peter Li and Michael Betancourt},
title = {The {S}tan {M}ath {L}ibrary: {R}everse-Mode Automatic
Differentiation in {C++}},
journal = {arXiv preprint arXiv:1509.07164},
year = {2015},
}

@inproceedings{hoffman2015structured,
author = {Hoffman, Matthew D and Blei, David M},
title = {Structured Stochastic Variational Inference},
booktitle = {Artificial Intelligence and Statistics},
year = {2015}
}

@inproceedings{blundell2015weight,
author = {Blundell, Charles and Cornebise, Julien and Kavukcuoglu, Koray and Wierstra, Daan},
title = {Weight Uncertainty in Neural Networks},
booktitle = {International Conference on Machine Learning},
year = {2015},
month = may
}
@article{hoffman2013stochastic,
author = {Hoffman, Matthew D and Blei, David M and Wang, Chong and Paisley, John},
title = {Stochastic Variational Inference},
journal = {Journal of Machine Learning Research},
year = {2013},
volume = {14},
pages = {1303--1347}
}
@inproceedings{rezende2014stochastic,
author = {Rezende, Danilo Jimenez and Mohamed, Shakir and Wierstra, Daan},
title = {Stochastic Backpropagation and Approximate Inference in Deep Generative Models},
booktitle = {International Conference on Machine Learning},
year = {2014}
}

@inproceedings{wilson2015kernel,
author = {Wilson, Andrew Gordon and Nickisch, Hannes},
title = {Kernel Interpolation for Scalable Structured {G}aussian
Processes ({KISS-GP})},
booktitle = {International Conference on Machine Learning},
year = {2015}
}

@inproceedings{cunningham2008fast,
author = {Cunningham, John P and Shenoy, Krishna V and Sahani, Maneesh},
title = {Fast {G}aussian process methods for point process intensity estimation},
booktitle = {International Conference on Machine Learning},
year = {2008},
publisher = {ACM},
}
@phdthesis{osborne2010bayesian,
  title={Bayesian {Ga}ussian processes for sequential prediction, optimisation and quadrature},
  author={Osborne, Michael},
  year={2010},
  school={Oxford University New College}
}
@inproceedings{titsias2009variational,
author = {Titsias, Michalis},
title = {Variational learning of inducing variables in sparse {G}aussian processes},
booktitle = {Artificial Intelligence and Statistics},
year = {2009}
}

@inproceedings{rahimi2007random,
author = {Rahimi, Ali and Recht, Benjamin},
title = {Random features for large-scale kernel machines},
booktitle = {Neural Information Processing Systems},
year = {2007}
}

@article{lazaro2010sparse,
author = {L{\'a}zaro-gredilla, Miguel and Qui{\~n}onero-Candela, Joaquin and Rasmussen, Carl Edward and Figueiras-Vidal, Anibal R},
title = {Sparse Spectrum {G}aussian Process Regression},
journal = {Journal of Machine Learning Research},
year = {2010},
pages = {1--17}
}

@article{quinonero2005unifying,
author = {Qui{\~n}onero-Candela, Joaquin and Rasmussen, Carl Edward},
title = {A unifying view of sparse approximate {G}aussian process regression},
journal = {Journal of Machine Learning Research},
year = {2005},
volume = {6},
pages = {1939--1959}
}


@inproceedings{yang2015carte,
author = {Yang, Zichao and Smola, Alexander Johannes and Le Song and Wilson, Andrew Gordon},
title = {A la Carte{\textemdash}Learning Fast Kernels},
booktitle = {Artificial Intelligence and Statistics},
year = {2015}
}

@inproceedings{le2013fastfood,
author = {Le, Quoc Viet and Sarlos, Tamas and Smola, Alexander Johannes},
title = {Fastfood: Approximate Kernel Expansions in Loglinear Time},
booktitle = {International Conference on Machine Learning},
year = {2013}
}

@inproceedings{yang2012nystrom,
author = {Yang, Tianbao and Li, Yu-feng and Mahdavi, Mehrdad and Jin, Rong and Zhou, Zhi-Hua},
title = {Nystr{\"o}m Method vs Random Fourier Features: A Theoretical and Empirical Comparison},
booktitle = {Neural Information Processing Systems},
year = {2012}
}
@book{rasmussen2006gaussian,
author = {Rasmussen, Carl Edward and Williams, Christopher K I},
title = {{Gaussian processes for machine learning}},
publisher = {MIT Press, Cambridge, MA},
year = {2006},
series = {Adaptive Computation and Machine Learning}
}

@book{neal1996bayesian,
author = {Neal, Radford M},
title = {Bayesian learning for neural networks},
publisher = {Springer},
year = {1996}
}

@phdthesis{wilson2009covariance,
author = {Wilson, Andrew Gordon},
title = {Covariance Kernels for Fast Automatic Pattern Discovery and
Extrapolation with {G}aussian Processes},
school = {University of Cambridge},
year = {2009},
}

@inproceedings{titsias2014doubly,
author = {Titsias, Michalis and L{\'a}zaro-Gredilla, Miguel},
title = {Doubly Stochastic Variational {B}ayes for non-Conjugate Inference},
booktitle = {International Conference on Machine Learning},
year = {2014}
}
@inproceedings{saul1995exploiting,
    author = {Lawrence Saul and Michael I. Jordan},
    title = {Exploiting tractable substructures in intractable networks},
    year = {1995},
    pages = {486--492},
    booktitle = {Advances in Neural Information Processing Systems 8},
}
@inproceedings{salimans2015markov,
author = {Salimans, Tim and Kingma, Diederik P and Welling, Max},
title = {Markov Chain {M}onte {C}arlo and Variational Inference: {B}ridging the Gap},
booktitle = {International Conference on Machine Learning},
year = {2015}
}

@inproceedings{adams2009gaussian,
author = {Adams, Ryan P and Murray, Iain and MacKay, David},
title = {The {G}aussian Process Density Sampler},
booktitle = {Neural Information Processing Systems},
year = {2009}
}
@article{lawrence2005probabilistic,
author = {Lawrence, Neil},
title = {Probabilistic Non-linear Principal Component Analysis with
{G}aussian Process Latent Variable Models},
journal = {The Journal of Machine Learning Research},
year = {2005},
volume = {6},
pages = {1783--1816},
}
@inproceedings{burda2015importance,
author = {Burda, Yuri and Grosse, Roger and Salakhutdinov, Ruslan},
title = {Importance Weighted Autoencoders},
booktitle = {International Conference on Learning Representations},
year = {2016}
}
@article{amari1998natural,
  title={Natural gradient works efficiently in learning},
  author={Amari, Shun-Ichi},
  journal={Neural computation},
  volume={10},
  number={2},
  pages={251--276},
  year={1998},
  publisher={MIT Press}
}
@article{opper2001naive,
  title={From naive mean field theory to the TAP equations},
  author={Opper, Manfred and Winther, Ole and others},
  year={2001},
  publisher={Citeseer}
}
@inproceedings{mnih2014neural,
  title={Neural variational inference and learning in belief networks},
  author={Mnih, Andriy and Gregor, Karol},
  booktitle={International Conference on Machine Learning},
  year={2014}
}
@inproceedings{gershman2014amortized,
  title={Amortized inference in probabilistic reasoning},
  author={Gershman, Samuel J and Goodman, Noah D},
  booktitle={Proceedings of the 36th Annual Conference of the Cognitive Science Society},
  year={2014}
}
@article{dayan2000helmholtz,
  title={Helmholtz machines and wake-sleep learning},
  author={Dayan, Peter},
  journal={Handbook of Brain Theory and Neural Network. MIT Press, Cambridge, MA},
  year={2000}
}
@phdthesis{neal1995bayesian,
  title={Bayesian learning for neural networks},
  author={Neal, Radford M},
  year={1995},
  school={University of Toronto}
}
@inproceedings{kingma2015variational,
author = {Kingma, Diederik P and Salimans, Tim and Welling, Max},
title = {Variational Dropout and the Local Reparameterization Trick},
booktitle = {Neural Information Processing Systems},
year = {2015}
}
@article{neal1990learning,
  title={Learning stochastic feedforward networks},
  author={Neal, Radford M},
  journal={Department of Computer Science, University of Toronto},
  year={1990},
  publisher={Citeseer}
}
@article{damianou2014variational,
  author = {Damianou, Andreas C and Titsias, Michalis and Lawrence, Neil D},
  title = {Variational Inference for Uncertainty on the Inputs of {G}aussian Process Models},
  journal = {arXiv preprint arXiv:1409.2287},
  year = 2014,
}
@inproceedings{titsias2010bayesian,
author = {Titsias, Michalis and Lawrence, Neil D},
title = {Bayesian {G}aussian process latent variable model},
booktitle = {International Conference on Machine Learning},
year = {2010}
}
@article{lecun1998gradient,
  title={Gradient-based learning applied to document recognition},
  author={LeCun, Yann and Bottou, L{\'e}on and Bengio, Yoshua and Haffner, Patrick},
  journal={Proceedings of the IEEE},
  volume={86},
  number={11},
  pages={2278--2324},
  year={1998},
  publisher={IEEE}
}
@inproceedings{kingma2015adam,
  title={Adam: A method for stochastic optimization},
  author={Kingma, Diederik and Ba, Jimmy},
  booktitle={International Conference on Learning Representations},
  year={201}
}
@inproceedings{gregor2014deep,
author = {Gregor, Karol and Danihelka, Ivo and Mnih, Andriy and Blundell, Charles and Wierstra, Daan},
title = {Deep AutoRegressive Networks},
booktitle = {International Conference on Machine Learning},
year = {2014}
}

@inproceedings{gregor2015draw,
author = {Gregor, Karol and Danihelka, Ivo and Graves, Alex and Rezende, Danilo Jimenez and Wierstra, Daan},
title = {{DRAW}: {A} Recurrent Neural Network For Image Generation},
booktitle = {International Conference on Machine Learning},
year = {2015}
}
@inproceedings{salakhutdinov2008quantitative,
  title={On the quantitative analysis of deep belief networks},
  author={Salakhutdinov, Ruslan and Murray, Iain},
  booktitle={International Conference on Machine Learning},
  year={2008},
}
@inproceedings{murray2009evaluating,
  title={Evaluating probabilities under high-dimensional latent variable models},
  author={Murray, Iain and Salakhutdinov, Ruslan R},
  booktitle={Advances in neural information processing systems},
  pages={1137--1144},
  year={2009}
}
@inproceedings{uria2014deep,
  title={A deep and tractable density estimator},
  author={Uria, Benigno and Murray, Iain and Larochelle, Hugo},
  booktitle={International Conference on Machine Learning},
  year={2014}
}

@inproceedings{paisely2012variational,
author = {Paisley, John and Blei, David M and Jordan, Michael},
title = {Variational {B}ayesian Inference with Stochastic Search},
booktitle = {International Conference on Machine Learning},
year = {2012},
organization = {UC Berkeley}
}

@inproceedings{salakhutdinov2009deep,
  title={Deep boltzmann machines},
  author={Salakhutdinov, Ruslan and Hinton, Geoffrey E},
  booktitle={International Conference on Artificial Intelligence and Statistics},
  pages={448--455},
  year={2009}
}
@inproceedings{raiko2014iterative,
  title={Iterative neural autoregressive distribution estimator nade-k},
  author={Raiko, Tapani and Li, Yao and Cho, Kyunghyun and Bengio, Yoshua},
  booktitle={Advances in Neural Information Processing Systems},
  pages={325--333},
  year={2014}
}
@article{ranganath2015hierarchical,
author = {Ranganath, Rajesh and Tran, Dustin and Blei, David M.},
title = {Hierarchical variational models},
journal = {arXiv preprint arXiv:1511.02386},
year = {2015},
}
@inproceedings{minka2001expectation,
  title={Expectation propagation for approximate {B}ayesian inference},
  author={Minka, Thomas P},
  booktitle={Uncertainty in Artificial Intelligence},
  year={2001},
}
@book{amari1985differential,
  title={Differential geometrical theory of statistics},
  author={Amari, Shun-ichi},
  year={1985},
  publisher={Springer}
}
@article{chernoff1952measure,
  title={A measure of asymptotic efficiency for tests of a hypothesis based on the sum of observations},
  author={Chernoff, Herman},
  journal={{The Annals of Mathematical Statistics}},
  pages={493--507},
  year={1952},
  publisher={JSTOR}
}

@inproceedings{bergstra2010theano,
     author = {Bergstra, James and Breuleux, Olivier and Bastien, Fr{\'{e}}d{\'{e}}ric and Lamblin, Pascal and Pascanu, Razvan and Desjardins, Guillaume and Turian, Joseph and Warde-Farley, David and Bengio, Yoshua},
      title = {Theano: a {CPU} and {GPU} Math Expression Compiler},
  booktitle = {Proceedings of the Python for Scientific Computing Conference ({SciPy})},
       year = {2010},
}
@misc{stan-software:2015,
  author = {{Stan Development Team}},
  year = {2015},
  title = {Stan: A {C++} Library for Probability and Sampling,
           Version 2.8.0},
  url = {http://mc-stan.org/}
}
@inproceedings{hinton1994autoencoders,
  title={Autoencoders, minimum description length, and Helmholtz free energy},
  author={Hinton, Geoffrey E and Zemel, Richard S},
  booktitle={Neural Information Processing Systems},
  year={1994},
}
@inproceedings{bernardo2003non,
  title={Non-centered parameterisations for hierarchical models and data augmentation},
  author={Bernardo, JM and Bayarri, MJ and Berger, JO and Dawid, AP and Heckerman, D and Smith, AFM and West, M},
  booktitle={Bayesian Statistics 7: Proceedings of the Seventh Valencia International Meeting},
  pages={307},
  year={2003},
  organization={Oxford University Press, USA}
}
@misc{krizhevsky2009learning,
  title={Learning multiple layers of features from tiny images},
  author={Krizhevsky, Alex and Hinton, Geoffrey},
  year={2009},
  publisher={Citeseer}
}
@article{kulkarni2014variational,
  title={Variational Particle Approximations},
  author={Kulkarni, Tejas D and Saeedi, Ardavan and Gershman, Samuel},
  journal={arXiv preprint arXiv:1402.5715},
  year={2014}
}
@inproceedings{blei2006dynamic,
  title={Dynamic topic models},
  author={Blei, David M and Lafferty, John D},
  booktitle={International Conference on Machine Learning},
  year={2006},
}

@inproceedings{dinh2015nice,
author = {Dinh, Laurent and Krueger, David and Bengio, Yoshua},
title = {{NICE}: {N}on-linear Independent Components Estimation},
booktitle = {International Conference on Learning Representations Workshop},
year = {2015}
}

@article{neal1998annealed,
  title={Annealed importance sampling},
  author={Neal, Radford M},
  journal={Statistics and Computing},
  volume={11},
  number={2},
  pages={125--139},
  year={1998},
  publisher={Springer}
}

@article{gelman1998simulating,
author = {Gelman, Andrew and Meng, Xiao-Li},
title = {Simulating normalizing constants: {F}rom importance sampling to bridge sampling to path sampling},
journal = {Statistical Science},
year = {1998}
}


@article{heng2015gibbs,
author = {Heng, Jeremy and Doucet, Arnaud and Pokern, Yvo},
title = {Gibbs Flow for Approximate Transport with Applications to {B}ayesian Computation},
journal = {arXiv preprint arXiv:1509.08787},
year = {2015},
}
@article{chopin2002sequential,
  title={A sequential particle filter method for static models},
  author={Chopin, Nicolas},
  journal={Biometrika},
  volume={89},
  number={3},
  pages={539--552},
  year={2002},
  publisher={Biometrika Trust}
}
@book{monge1781memoire,
  title={M{\'e}moire sur la th{\'e}orie des d{\'e}blais et des remblais},
  author={Monge, Gaspard},
  year={1781},
  publisher={De l'Imprimerie Royale}
}

@article{mandt2014multicanonical,
author = {Mandt, Stephan and Mcinerney, James and Abrol, Farhan and Ranganath, Rajesh and Blei, David M},
title = {Multicanonical Stochastic Variational Inference},
journal = {arXiv preprint arXiv:1411.1810},
year = {2014},
}

@article{salimans2013fixed,
  title={Fixed-form variational posterior approximation through stochastic linear regression},
  author={Salimans, Tim and Knowles, David A and others},
  journal={Bayesian Analysis},
  volume={8},
  number={4},
  pages={837--882},
  year={2013},
  publisher={International Society for Bayesian Analysis}
}
@inproceedings{bishop1998approximating,
  title={Approximating posterior distributions in belief networks using mixtures},
  author={Christopher M. Bishop and Neil D. Lawrence and Michael I. Jordan and Tommi Jaakkola},
  booktitle={Neural Information Processing Systems},
  year={1998},
}
@article{tipping1999probabilistic,
  title={Probabilistic principal component analysis},
  author={Tipping, Michael E and Bishop, Christopher M},
  journal={Journal of the Royal Statistical Society: Series B (Statistical Methodology)},
  volume={61},
  number={3},
  pages={611--622},
  year={1999},
  publisher={Wiley Online Library}
}

@misc{tieleman2012rmsprop,
  title={{Lecture 6.5---RmsProp: Divide the gradient by a running average of its recent magnitude}},
  author={Tieleman, T. and Hinton, G.},
  howpublished={COURSERA: Neural Networks for Machine Learning},
  year={2012}
}

@inproceedings{larochelle2011neural,
author = {Larochelle, Hugo and Murray, Iain},
title = {{The neural autoregressive distribution estimator}},
booktitle = {Artificial Intelligence and Statistics},
year = {2011}
}

@article{eitz2012hdhso,
    author={Eitz, Mathias and Hays, James and Alexa, Marc},
    title={How Do Humans Sketch Objects?},
    journal={ACM Trans. Graph. (Proc. SIGGRAPH)},
    year={2012},
    volume={31},
    number={4},
    pages = {44:1--44:10}
}
@article{jordan1999introduction,
  title={An introduction to variational methods for graphical models},
  author={Jordan, Michael I and Ghahramani, Zoubin and Jaakkola, Tommi S and Saul, Lawrence K},
  journal={Machine Learning},
  volume={37},
  number={2},
  pages={183--233},
  year={1999},
  publisher={Springer}
}
@inproceedings{hinton1993keeping,
    Author = {Hinton, G. and Van Camp, D.},
    Booktitle = {Computational Learning Theory},
    Organization = {ACM},
    Pages = {5--13},
    Title = {Keeping the neural networks simple by minimizing the description length of the weights},
    Year = {1993}}
@inproceedings{waterhouse1996bayesian,
    Author = {Waterhouse, S. and MacKay, D. and Robinson, T.},
    booktitle = {Neural Information Processing Systems},
    Title = {{B}ayesian methods for mixtures of experts},
    Year = {1996}}
@article{smolensky1986information,
  title={Information processing in dynamical systems: Foundations of harmony theory},
  author={Smolensky, Paul},
  year={1986},
  publisher={Department of Computer Science, University of Colorado, Boulder}
}
@article{hinton2006fast,
  title={A fast learning algorithm for deep belief nets},
  author={Hinton, Geoffrey E and Osindero, Simon and Teh, Yee-Whye},
  journal={Neural computation},
  volume={18},
  number={7},
  pages={1527--1554},
  year={2006},
  publisher={MIT Press}
}
@inproceedings{agakov2004auxiliary,
  title={An auxiliary variational method},
  author={Agakov, Felix V and Barber, David},
  booktitle={Neural Information Processing},
  pages={561--566},
  year={2004},
  organization={Springer}
}
@inproceedings{saul1996exploiting,
  title={Exploiting tractable substructures in intractable networks},
  author={Saul, Lawrence K and Jordan, Michael I},
  booktitle={Neural Information Processing Systems},
  year={1996}
}
